4378 5721
1492 629 1670 690 212
2353 597 3157 691 AGGREGATAE.

1483 835 1661 946 gine
1724 830 1989 918 rubens
2022 900 2047 943 ‚
2110 849 2358 918 cetera
2405 832 2662 917 albens
2695 898 2719 940 ,
2784 827 3257 942 expanditur.
3292 825 3648 915 Altitudo
3695 829 3906 918 varia
3952 830 4056 918 est
4081 831 4106 943 ,'

1482 988 1530 1048 a
1588 959 1856 1072 palmo
1916 963 2006 1046 ad
2066 963 2253 1048 duos
2310 961 2600 1045 cubitos
2632 1027 2656 1067 ,
2724 984 2870 1071 pro
2931 959 3063 1042 soli
3125 977 3404 1042 natum.

1625 1090 1761 1174 Ab
1824 1086 2144 1200 Argum
2208 1092 2440 1175 fluuio
2501 1087 2898 1175 Baicalem
2930 1084 3173 1170 versus
3201 1089 3391 1170 etin
3428 1089 3855 1199 regionibus
3887 1108 4101 1175 trans-

1488 1216 2003 1303 baicalenfibus
2036 1286 2059 1327 ,
2123 1236 2212 1301 vt
2277 1236 2357 1300 et
2420 1218 2501 1299 in
2568 1218 2929 1329 superiori
2969 1216 3219 1298 Lenae
3254 1215 3461 1300 fluuii
3498 1219 3804 1327 regione
3843 1221 4096 1330 vbique

1483 1345 1793 1431 nascitur
1815 1411 1834 1450 ‚
1870 1365 2029 1432 tam
2066 1347 2388 1430 editiora
2424 1347 2588 1433 loca
2626 1413 2651 1456 ‚
2716 1370 2947 1458 quam
2980 1366 3305 1457 campos
3338 1370 3490 1429 non
3526 1346 3863 1431 nimium
3902 1370 4100 1459 aper·

1485 1491 1611 1557 tos
1670 1500 1964 1558 amans.
3463 1535 3466 1536 f

1624 1627 1669 1702 5
1688 1665 1706 1686 .
1776 1598 2317 1692 SCABmSA
2400 1602 2778 1690 corollulis
2872 1600 3367 1715 quinquefidis
3402 1667 3426 1706 ,
3489 1602 3684 1715 foliis
3764 1604 4098 1690 omnibus

1860 1738 2194 1849 pinnatis
2224 1799 2251 1841 ,
2312 1737 2657 1819 tenuibus
2689 1799 2717 1841 ‚
2783 1733 3035 1842 pinnis
3092 1731 3481 1814 linearibus
3557 1731 3822 1840 planis.

1995 1854 2348 1973 Scabiqsa
2404 1861 2752 1969 mult'fido
2786 1859 2975 1979 solio
3008 1923 3032 1966 ,
3071 1859 3279 1971 flore
3313 1851 3762 1972 flauejbente
3828 1861 3926 1947 B.
3960 1864 4094 1975 pin.

2122 2011 2344 2090 270.
2408 2003 2771 2082 TOURN.
2820 1987 2888 2073 1.
2929 1991 3037 2075 R.
3076 1985 3180 2070 H.
3252 1995 3471 2092 464.

1993 2113 2336 2232 Scabiqsa
2408 2115 2750 2227 multifido
2821 2115 3009 2234 solio
3042 2183 3068 2224 ,
3165 2113 3330 2203 albo
3395 2119 3603 2230 flore
3697 2117 3828 2205 vel
3878 2122 4095 2237 poeius

2139 2244 2548 2334 ochroleuco
2610 2244 2678 2327 1.
2715 2240 2809 2328 B.
2849 2243 3000 2330 nl.
3082 2257 3162 2331 8.

2002 2370 2615 2492 Asterocephalus
2679 2386 2895 2458 rutae
2957 2375 3268 2460 caninae
3306 2372 3523 2493 soliis
3562 2441 3586 2484 ,
3626 2375 3833 2490 flore
3863 2371 4095 2462 ochra·

1866 2585 1872 2590 ,
2121 2503 2316 2590 leuco
2375 2501 2908 2616 VAlLL.„aH.
2985 2524 3253 2603 1722.

1987 2624 2338 2745 Scabiqsa
2417 2627 2756 2738 nudtfido
2792 2627 2987 2749 jblio
3018 2697 3044 2741 ,
3117 2631 3325 2743 flore
3388 2629 3552 2719 abo
3581 2648 3866 2730 GERB.
3919 2631 4095 2722 hort.

2086 2764 2291 2872 stec-

1981 2879 2330 2997 Scabiqfiz
2386 2884 2743 2973 laciniata
2784 2885 2990 2999 flore
3049 2886 3217 2976 albo
3258 2905 3526 2984 CLUS.
3579 2906 3863 2986 GERB.
3911 2892 4098 2981 Tan·

2111 3040 2202 3097 n.
2268 3034 2479 3119 279.

1418 3154 1423 3157 ’
1610 3142 1971 3234 Caulibus
2030 3145 2424 3254 purpureis
2473 3163 2555 3228 et
2613 3142 2810 3229 spliis
2870 3146 3300 3235 rubentibus
3395 3151 3666 3235 variat.
3800 3150 4100 3238 Inferio·

1458 3271 1663 3366 ‘rum
1729 3274 2083 3360 foliorum
2146 3272 2520 3384 quaedam
2580 3274 2678 3357 ad
2740 3298 2914 3360 oras
2964 3277 3234 3362 serrata
3299 3294 3591 3363 tantum
3627 3345 3651 3388 ,
3750 3284 4098 3389 quaedam

1389 3403 1396 3411 ’
1479 3432 1646 3493 non
1705 3400 2073 3514 profimde
2139 3401 2473 3486 laciniata
2506 3468 2536 3509 ‚
2591 3401 2875 3512 reliqua
2934 3406 3036 3489 ad
3094 3404 3355 3489 rachin
3416 3405 3571 3492 fere
3623 3409 3950 3495 mediam
3986 3431 4101 3492 vs-

1487 3557 1641 3646 que
1698 3533 2009 3642 pinnata
2044 3596 2073 3637 ,
2130 3529 2385 3640 glabra
2416 3597 2442 3637 ,
2505 3556 3052 3642 nonnunquam
3106 3531 3509 3620 subhirsuta
3544 3601 3569 3644 ‚
3633 3537 3884 3645 pinnis
3946 3535 4099 3646 ple-

1483 3684 1813 3773 rumque
1869 3660 2173 3745 alternis
2201 3724 2233 3765 ‚
2289 3659 2721 3766 linearibus,
2783 3660 3244 3772 simplicibus
3275 3727 3308 3769 ,
3369 3682 3497 3746 aut
3560 3689 3733 3747 raro
3765 3664 4106 3768 dentatis,

1479 3791 1783 3875 filmma
1842 3786 2023 3873 solia
2079 3786 2235 3869 fiue
2293 3786 2429 3870 illa
2458 3854 2490 3893 ‚
2547 3814 2736 3898 quae
2789 3785 3111 3874 summis
3180 3792 3417 3875 ramis
3499 3788 4043 3877 substernuntur
4081 3848 4106 3894 ‚

1477 3917 1697 4028 fiepe
1757 3914 2280 4025 integerrima.
2403 3911 2475 4000 C
2477 3917 2686 4001 aules
2706 3918 2946 4026 patuli
2980 3984 3007 4026 ,
3085 3916 3669 4030 sesquicubitales
3701 3985 3726 4026 ,
3761 3942 3844 4005 et
3905 3922 4104 4005 bicu-

1483 4045 1753 4130 bitales
1783 4111 1808 4151 ,
1868 4062 1955 4127 et
2010 4042 2422 4152 ampliores
2453 4110 2485 4151 ,
2546 4046 2940 4130 interdum
3029 4048 3274 4133 etiam
3350 4046 3438 4135 in
3493 4048 3946 4160 rupestribus
4001 4049 4110 4132 lo·

1486 4179 1597 4259 cis
1656 4173 1802 4255 vix
1862 4170 2215 4283 palmum
2276 4193 2674 4284 aequantes
2709 4242 2740 4283 „
2796 4175 3077 4261 ramofi
3105 4241 3138 4282 ,
3232 4198 3775 4288 nonnunquam
3878 4180 4110 4262 etiam

1483 4302 1857 4411 fimplices
1892 4366 1919 4409 ,
1978 4317 2249 4383 teretes
2282 4367 2310 4408 ‚
2373 4300 2646 4411 pallide
2700 4304 2978 4387 virides>
3006 4368 3036 4413 ,
3097 4319 3187 4385 et
3244 4301 3770 4391 fiimmitatem
3878 4303 4115 4390 versus

1484 4426 1895 4531 filbhirfilti.
2021 4428 2286 4512 Flores
2342 4431 2428 4512 in
2489 4433 2980 4515 extremitate.
3075 4432 3532 4541 palmarium
3572 4500 3595 4541 ‚
3697 4433 4113 4547 stmipeda-

1479 4555 1683 4646 lium
1741 4575 1829 4644 et
1882 4555 2440 4648 dodrantalium
2491 4583 2899 4651 ramorum
2960 4578 3090 4647 aut
3140 4559 3362 4677 ipfius
3452 4562 3731 4671 cauli5,
3833 4564 3940 4649 ad
3993 4564 4123 4647 in·

3905 4756 3912 4762 ,
3955 4709 4120 4774 tet·
