4378 5721
1035 589 1106 678 1.
1170 538 2295 688 SEMIFLochLOSAE.
2413 609 2416 614 2
2957 612 3011 703 ς

383 819 726 938 undulata
766 883 790 928 ‚
850 820 1085 935 crispa
1151 840 1231 907 et
1300 824 1571 933 plicata
1608 884 1632 929 ,
1693 846 1740 908 e
1797 822 2148 907 caeruleo
2228 813 2493 936 viridia
2535 885 2559 928 ‚
2655 820 2741 907 in
2803 823 3018 912 adul·

375 953 552 1036 tiori
614 952 951 1061 planiora
990 1017 1015 1057 ‚
1077 941 1384 1037 linearia
1424 973 1469 1057 ‚'
1518 950 1926 1036 lanceolata
1963 1015 1988 1058 ,
2052 968 2181 1036 aut
2247 973 2352 1034 ex
2428 968 2735 1063 vtraque
2805 953 3017 1065 figu-
3035 957 3054 972 “

370 1105 451 1164 ra
518 1080 768 1165 mixta
803 1150 826 1190 ‚
888 1084 965 1164 in
1033 1082 1296 1165 medio
1354 1078 1782 1190 sesquilinea
1847 1104 2016 1162 raro
2050 1079 2316 1164 latiora
2356 1145 2380 1187 ,
2447 1076 2640 1163 laete
2674 1079 2941 1168 viridia
2984 1144 3013 1188 ‚

372 1212 612 1292 neruis
656 1207 1322 1321 ‘longitudinalibus
1382 1223 1756 1321 perpetuo
1833 1207 2172 1292 distincta
2208 1273 2232 1316 ‚
2297 1207 2668 1318 palmaria
2701 1273 2727 1317 ‚
2792 1209 3017 1295 semi-

366 1336 670 1448 pedalia
732 1357 812 1421 et
869 1325 1408 1447 nonnunquam
1473 1335 1939 1423 dodrantalia
1974 1403 1998 1443 ‚
2063 1339 2357 1448 prorius
2419 1336 2676 1446 glabra
2707 1403 2732 1446 ‚
2795 1364 2842 1423 e
2875 1361 3015 1426 va·-

364 1468 596 1574 ginae
634 1532 657 1576 ,
733 1466 1003 1552 leuiter
1095 1469 1476 1552 interdum
1578 1463 2054 1576 lanuginolae
2088 1529 2113 1572 ,
2210 1464 2453 1575 specie
2531 1466 3030 1576 prodeuntia.·
3180 1477 3192 1490 ‘

364 1593 585 1678 Folia
617 1596 900 1679 caulina
937 1599 1075 1680 tria
1111 1596 1206 1679 ad
1244 1596 1372 1694 sex
1403 1620 1635 1706 vsque
1658 1624 1682 1708 3
1703 1594 2000 1677 inferius
2033 1593 2471 1678 radicalibus
2497 1594 3010 1708 fimile‚supe-

362 1722 610 1830 riora,
647 1749 793 1835 pro
824 1729 1121 1810 ratione
1152 1724 1325 1809 fitus
1357 1724 2043 1831 altiori3,minora,
2079 1747 2466 1832 nunquam
2502 1749 2660 1807 non
2689 1727 3006 1811 vndula-

359 1868 437 1935 ta
473 1870 553 1934 et
585 1854 823 1964 crispa
860 1920 884 1963 ‚
918 1873 1049 1938 aut
1107 1853 1367 1937 saltem
1432 1855 1709 1962 plicata
1748 1920 1771 1960 ,
1832 1851 2155 1954 caulem*
2183 1852 2381 1936 haud
2444 1852 3005 1964 amplectentia.

492 1975 751 2066 Caulis
815 2008 1007 2067 vnus
1042 2048 1065 2091 ,
1128 1986 1287 2067 duo
1324 2047 1349 2090 ,
1415 1997 1543 2065 a'ut
1578 2000 1725 2065 tres
1761 2046 1786 2089 ,
1847 1979 2235 2088 altitudine
2299 1980 2497 2064 inter
2530 1982 2710 2066 duas
2744 1985 3001 2071 vncias

351 2128 432 2193 et
468 2110 929 2196 dodrantem
968 2112 1158 2195 varii
1199 2176 1224 2219 ,
1259 2130 1339 2194 et
1406 2111 1750 2214 elatiores
1783 2110 2086 2220 quidem
2122 2105 2452 2193 inst-riori
2503 2113 3001 2198 extremitate

346 2238 564 2322 craffi
582 2306 605 2347 ,
675 2239 933 2324 obtuse
969 2239 1308 2351 trianguli
1328 2305 1352 2345 ‚
1412 2238 1935 2324 fiimmitatem
2006 2236 2246 2322 versus
2309 2237 2535 2323 striati
2572 2304 2597 2347 ,
2677 2237 3000 2353 saepissi-

343 2389 490 2451 me
526 2368 901 2478 [implices
937 2436 959 2478 ,
992 2396 1163 2454 raro
1197 2368 1472 2454 ramofi
1510 2433 1535 2476 ,
1573 2389 2095 2479 praeterquam
2135 2367 2989 2478 pedunculis-floriferis.

316 2495 323 2496 f
483 2494 671 2576 Flos
731 2499 812 2577 in
872 2516 1225 2589 ,extremo
1288 2497 1513 2579 caule·
1534 2499 1792 2580 vnicus
1826 2560 1849 2602 ,
1912 2516 1999 2602 et·
2028 2497 2285 2605 paullo
2320 2494 2539 2584 setius
2571 2521 2675 2589 ex
2709 2498 2994 2585 duabus

334 2637 483 2708 aut
534 2623 767 2705 tribus
799 2624 1174 2731 proximis
1242 2621 1597 2716 ibliorum
1667 2622 1801 2700 alis
1860 2644 1906 2700 e
1970 2621 2267 2729 lingulis
2331 2621 2615 2729 smguli.
2749 2618 2998 2735 Saepe
3099 2641 3108 2644 ·

332 2751 581 2834 etiam
646 2751 1167 2832 rudimentum
1235 2764 1532 2828 tantum
1601 2744 2069 2827 inferioribus
2130 2747 2265 2828 alis
2320 2747 2612 2832 inlidet.
2689 2745 2992 2836 Pedun-

332 2878 496 2965 culi
553 2878 633 2960 in
697 2876 955 2987 planta
1014 2872 1426 2958 humiliore
1488 2870 1992 2955 semiunciales
2052 2890 2128 2954 et
2189 2874 2551 2984 vncialeS,
2612 2878 2694 2961 in
2725 2878 2992 2966 elatio-

331 3009 403 3091 ri
480 3004 854 3115 palmares
916 3019 996 3086 et
1061 2999 1608 3111 semipedaleS,
1675 3017 1997 3109 vtroque
2055 3001 2136 3082 in
2205 3000 2365 3085 casu
2429 3028 2581 3087 vna
2646 3023 2727 3087 et
2805 3007 2983 3091 alte-

338 3161 423 3219 ra
492 3131 791 3243 squama
854 3130 1154 3214 albente
1218 3129 1489 3213 vestiti.
1617 3123 1842 3211 Calix
1904 3129 2329 3213 imbricatus
2392 3133 2558 3236 est,
2656 3118 3030 3243 squamis*

335 3265 432 3347 ad
504 3263 937 3371 marginem
1003 3260 1351 3341 maxima
1410 3281 1512 3338 ex
1576 3274 1791 3367 parte
1850 3253 2294 3340 albentibus,
2428 3252 2739 3344 Corolla
2821 3267 2985 3349 dia-

338 3410 606 3474 metro
686 3390 995 3473 vnciam
1061 3411 1221 3470 non
1285 3383 1620 3494 implet,
1684 3368 2066 3492 silphurea
2125 3384 2294 3494 est,
2357 3387 2750 3471 imbricata
2786 3421 2978 3497 ,co-

339 3516 629 3602 rollulis
686 3514 1109 3627 compofita
1209 3515 1562 3623 triginta,
1646 3513 1955 3623 triginta
2021 3515 2343 3625 quinque
2403 3516 2498 3599 ad
2533 3520 2980 3630 quadragin-

339 3663 421 3729 ta
488 3666 695 3746 tm,
762 3643 1109 3753 truncatis
1139 3661 1217 3723 et
1275 3645 1354 3723 in
1424 3642 1744 3769 quinque
1812 3642 2086 3723 breues
2149 3645 2395 3753 apices
2495 3651 2975 3761 terminati5‚

339 3799 672 3883 quorum
739 3748 1040 3881 lingulis
1100 3768 1407 3854 anthera
1466 3730 1800 3852 eiusdem
1863 3767 2143 3851 coloris
2208 3771 2550 3856 nectitur.
2613 3766 2969 3863 Germen

336 3901 731 4011 aliquanto
827 3899 1336 4008 compreffum
1419 3897 1527 3979 est
1566 3960 1593 4006 ,
1698 3895 2038 3980 eiusdem
2130 3898 2412 4013 vbique
2509 3901 2914 3990 latitudinis
2947 3970 2978 4017 ,

280 4124 283 4131 y
337 4053 616 4141 pappo
677 4024 1025 4137 plumoso
1081 4026 1550 4110 instructum.
1838 4050 1845 4057 ·

475 4155 826 4242 Montosa
890 4155 1057 4238 loca
1090 4154 1591 4249 humiliorem
1630 4154 1996 4241 emittunt
2061 4158 2406 4267 plantam
2429 4227 2452 4267 ,
2512 4144 2594 4246 et
2656 4165 2967 4270 paucio-

328 4309 451 4369 res
498 4283 1067 4392 ‘amplioresque
1128 4283 1356 4367 flores
1418 4284 1934 4392 breuioresque
1998 4287 2458 4397 pedunculos
2491 4284 2967 4405 producunt3

330 4412 784 4522 campestria
842 4410 1212 4497 altitudini
1272 4411 1455 4496 illius
1521 4427 1602 4493 et
1663 4410 1939 4497 florum
2003 4414 2461 4517 multitudini
2530 4436 2607 4500 et
2641 4420 2972 4527 paruita-

333 4543 399 4628 ti
453 4539 703 4628 fiuent
734 4608 761 4657 ,
819 4562 901 4629 et
958 4541 1339 4632 interdum
1401 4540 1741 4657 plantam
1804 4543 2183 4629 ramosam
2283 4541 2550 4632 ferunt.

1594 4667 1680 4755 A
1749 4686 1800 4766 3
1870 4726 1873 4729 Δ
2614 4672 2962 4764 Nascitur
