4378 5721
1289 521 1966 631 rmmrto
2270 496 2279 513 ’
2853 524 3049 645 xl<

261 888 271 895 ,
410 754 684 880 illud
739 752 875 880 fit
911 847 955 905 ,
1035 758 1353 882 cuius
1399 796 1626 926 ope
1683 768 2078 882 natura
2132 763 2534 925 iungat
2570 852 2610 907 ,
2674 783 2871 883 aut
2917 766 3040 883 in

410 969 646 1090 quo
700 926 1018 1052 idem
1077 929 1264 1052 ille
1319 928 1764 1052 habitus
1803 928 2357 1057 confistat.
2444 933 2712 1054 Non
2752 929 3059 1052 suffi-

410 1102 571 1220 cit
631 1097 1020 1227 dicere
1040 1192 1081 1248 ,
1150 1096 1929 1223 diuerfitatem
2016 1140 2555 1266 magnam
2627 1096 3045 1226 florum

404 1273 996 1394 criterium
1073 1270 1701 1418 exhibere,
1750 1302 2024 1395 nam'
2100 1273 2317 1396 hac
2419 1273 2859 1396 ratione
2919 1273 3050 1395 il-

406 1441 519 1563 la
591 1483 696 1565 e.
788 1484 908 1609 g.
991 1482 1283 1606 quae
1386 1438 1900 1566 flosculos
1976 1482 2386 1567 omnes
2469 1439 2701 1568 fert
2784 1444 3047 1567 her-

406 1594 1273 1780 maphroditoe,
1331 1612 1972 1762 tubulobe,
2025 1614 2542 1739 nondum
2588 1657 2661 1739 a
2693 1609 3045 1768 Chry-

366 1779 834 1946 socomae
894 1823 1341 1985 genere
1366 1791 2109 1911 eximeretur.
2195 1783 2634 1912 Poffent
2678 1788 3042 1910 etiam

398 1995 566 2077 ex
647 1953 877 2080 hoc
956 1960 1432 2080 criterio
1475 1998 1882 2081 omnes
1965 1952 2809 2124 corymbiferae
2848 1953 3046 2123 sub

397 2122 835 2266 eodem
919 2166 1363 2294 genere
1406 2132 1754 2298 iungi.
1833 2134 2245 2254 Statuo
2296 2133 2736 2299 igitur,
2823 2114 3042 2294 pro

396 2316 844 2459 tyrone
937 2303 1527 2425 botanices
1626 2295 2352 2425 definitiones
2476 2302 3047 2424 recentio-

392 2506 775 2609 rum,
861 2467 1172 2626 quod
1251 2467 1401 2588 ad
1439 2472 1695 2600 hoc
1760 2511 2124 2629 genus
2208 2478 2722 2610 attinet,
2809 2508 3053 2588 non

394 2615 1005 2781 sufficere,
1131 2657 1267 2755 vt
1352 2677 1513 2757 ex
1607 2636 1812 2756 illis
1932 2637 2441 2800 plantam
2536 2631 2731 2757 fibi
2814 2676 3051 2759 non

399 2809 1012 2970 cognitam
1113 2808 1631 2928 inuenire
1758 2801 2174 2971 possit,
2303 2799 2500 2931 nifi
2575 2805 3056 2931 addatur
3212 2865 3232 2882 ·

400 2972 684 3118 folia
736 2980 1136 3097 omnia
1193 2974 1413 3101 effe
1464 2974 1987 3101 radicalia
2070 3003 2201 3104 et
2268 2977 2653 3104 caules
2739 2982 3049 3142 squa-

411 3150 822 3272 mosos.
909 3147 1071 3271 Et
1135 3144 1362 3295 fic,
1451 3146 1744 3269 mihi
1826 3146 2290 3311 quidem
2333 3154 2766 3276 clarum
2810 3147 3051 3298 est,

415 3319 537 3439 in
624 3317 862 3440 hoc
949 3357 1384 3482 genere
1449 3358 1608 3442 ex
1709 3312 2122 3442 florum
2234 3346 2363 3446 et
2456 3318 3051 3479 fruetuum

409 3484 1320 3613 consideratione
1407 3486 1630 3622 iola
1666 3487 2458 3616 definitionem
2504 3497 2751 3660 peti
2815 3535 3053 3616 non

416 3656 812 3827 posse,
903 3656 1219 3822 quod
1284 3665 1788 3825 ingenue
1875 3659 2207 3785 fateri
2289 3705 2737 3829 cogor,
2840 3659 3056 3788 etfi

410 3855 817 3952 cetera
895 3830 1260 3953 nullus
1351 3830 1956 3982 dubitem,
2085 3832 2280 3956 vbi
2400 3832 3050 3960 differentia

413 4005 960 4166 generica
1042 4039 1200 4125 ex
1265 4001 1564 4124 hisee
1646 4010 1883 4169 peti
1972 4002 2436 4170 potest,
2523 4010 3065 4131 omnibus

409 4174 688 4294 aliis
718 4176 1015 4293 notis
1074 4169 1402 4295 hasce
1456 4169 1691 4296 effe
1771 4101 2598 4340 praeferendas.

494 4339 863 4495 Quod
902 4340 1048 4474 ad
1132 4342 1577 4476 claflem
1634 4356 2519 4518 aggregatamm
2548 4351 3063 4643 attingi-:ktil
