4378 5721
870 631 1027 724 W.
1087 618 1662 722 FLORIBVS
1724 622 2325 721 RADIATls.
2753 633 2930 742 169

322 886 447 947 res.
478 882 566 946 ea
626 860 1011 948 vescantur
1043 929 1069 971 ,
1168 887 1458 948 zaeqbfl
1554 888 1955 983 xanycma
2025 862 2293 945 dicitur
2326 926 2349 968 ,
2437 856 2630 944 lbrte
2695 862 2932 948 etiam

322 1011 620 1100 propter
682 993 982 1076 easdem
1032 994 1369 1075 rationes
1428 992 1659 1076 herba
1720 992 1918 1102 apud
1984 989 2270 1072 incolas
2327 988 2563 1073 edulis
2625 990 2759 1073 est.
2841 1055 2848 1060 .
2921 1027 2928 1044 ·

433 1117 676 1204 Nota.
746 1121 1009 1205 Etiam
1076 1118 1262 1206 haec
1308 1119 1570 1230 planta
1638 1137 2170 1230 argumentum
2233 1117 2547 1200 exhibet
2577 1182 2603 1224 ,
2703 1137 2936 1227 gene*

318 1269 390 1328 ra
428 1238 841 1358 jblidaginis
901 1268 982 1331 et
1038 1239 1431 1356 stnecionis
1530 1272 1686 1332 non
1749 1247 2031 1332 debere
2131 1244 2477 1356 discerpi.
2606 1244 2690 1330 Si
2753 1246 2932 1330 cali-

307 1396 470 1457 cem
533 1375 1016 1487 squamosum
1077 1403 1224 1487 pro
1283 1375 1744 1461 discriminis
1785 1396 1968 1458 nota
2030 1397 2268 1484 ponas
2301 1439 2325 1480 ,
2396 1374 2676 1458 mirum
2761 1375 2870 1457 est
2905 1438 2930 1480 ‚

313 1499 596 1610 plantae
665 1504 998 1590 siluestris
1055 1506 1374 1589 calicem
1439 1502 1590 1588 fere
1651 1503 2128 1611 squamosum
2194 1501 2339 1583 effe
2377 1566 2401 1607 ,
2457 1526 2569 1604 ex
2636 1528 2781 1611 qua
2813 1528 2931 1584 ra-

316 1628 512 1712 tione
577 1631 673 1716 ad
715 1624 1193 1742 solidaginem
1228 1633 1693 1742 pertineret
1728 1630 2098 1714 hortensis
2129 1653 2270 1712 nec
2305 1627 2543 1737 ligulis
2576 1630 2931 1737 au&um,

306 1752 563 1843 (altem
631 1784 793 1848 non
856 1757 1411 1871 (quamoffim-
1460 1759 1677 1868 Ergo
1749 1756 2117 1841 hortensis
2217 1758 2474 1866 planta
2570 1755 2937 1866 spectaret

307 1883 399 1968 ad
416 1879 952 1999 senecionem,
1031 1908 1112 1971 et
1169 1887 1498 1971 siluestris
1557 1886 1651 1971 ad
1684 1886 2156 1996 plidaginem
2193 1949 2220 1993 ,
2290 1883 2492 1995 quod
2568 1911 2726 1968 non
2796 1886 2938 1968 ad-

278 1983 628 2099 *modurn
690 2041 1106 2126 congruum
1171 2013 1370 2100 estet.
1491 2011 1573 2098 Si
1640 2040 1830 2099 vero
1894 2011 2196 2096 numeri
2290 2011 2474 2095 radii
2552 2011 2761 2099 notas
2822 2016 2940 2098 di-

301 2133 664 2225 {criminis
723 2143 1198 2248 exhibeant,
1265 2142 1494 2227 rursus
1550 2143 1824 2226 eadem
1896 2142 2085 2225 haec
2151 2140 2432 2249 planta
2476 2142 2772 2253 vtrique
2807 2166 2941 2252 ge-

296 2267 451 2378 neri
521 2271 907 2355 accenseri
948 2271 1255 2383 potest·
1238 2334 1265 2379 ‚
1329 2269 1409 2356 Si
1471 2271 1795 2381 denique
1859 2290 2260 2378 Vtramque
2328 2285 2596 2351 notam
2659 2297 2935 2382 pona5‚

289 2387 637 2478 ennfilfio
698 2399 1077 2485 increscet.
1215 2400 1514 2484 Verum
1579 2398 1688 2481 est
1721 2462 1746 2506 ,
1812 2400 2047 2482 etiam
2114 2417 2382 2480 ornatu
2420 2397 2713 2480 stminis
2749 2399 2940 2490 hanc

275 2520 641 2630 plantam
701 2546 747 2601 a
811 2524 1346 2631 congeneribus
1404 2525 1707 2607 differre
1741 2587 1767 2629 ,
1832 2542 1911 2604 et
1973 2523 2169 2603 forte
2234 2526 2410 2605 ideo
2481 2513 2729 2605 neutri
2788 2526 2947 2607 ho-

280 2671 458 2733 rum
526 2672 905 2756 generum
971 2645 1328 2732 accenseri
1386 2649 1634 2732 debet.
1766 2648 1957 2734 Non
2021 2668 2283 2730 tamen
2349 2647 2628 2731 semina
2727 2677 2951 2760 pror-

154 2793 164 2816 ‘
288 2763 397 2862 sus
456 2777 668 2857 nuda
732 2773 899 2858 sunt
923 2840 948 2882 ,
1016 2775 1250 2895 etiam
1310 2796 1622 2888 propter
1685 2775 2054 2884 reliquum
2160 2771 2499 2858 habiturn
2601 2777 2942 2866 similem

297 2896 624 2987 rationes
681 2904 882 2987 mihi
944 2914 1103 2985 non
1168 2904 1522 2986 videntur
1552 2908 1555 2911 ’
1583 2899 2023 2984 sufficientes
2058 2967 2082 3008 ,
2148 2925 2241 2984 vt
2305 2901 2670 3012 stparem.

308 3136 337 3179 J
440 3055 480 3115 1
497 3051 548 3132 a
557 3057 650 3136 9
717 3002 1327 3268 SOLmAlaGO
1357 3026 1553 3113 foliis
1615 3031 1986 3136 cordatiS,
2050 3028 2577 3139 subrotundiS,
2679 3034 2958 3119 cicuta.-

678 3160 775 3246 tis
989 3174 1102 3242 tto
1171 3180 1265 3242 tis

779 3182 1386 3406 ’IaEZbaeastrmn
1447 3282 1779 3372 cacaliae
1820 3282 2006 3404 solio
2067 3300 2319 3382 ΑΜΜ.
2376 3284 2619 3377 Ruth.
2730 3317 2779 3372 2
2793 3316 2841 3373 2
2861 3316 2942 3375 1.

936 3414 1137 3497 Tab
1208 3412 1532 3500 XXIV.

752 3538 1224 3673 Othonna,
1265 3539 1485 3657 soliis
1525 3531 2050 3653 subcordatis,
2116 3542 2318 3631 caule
2354 3537 2678 3656 subnudo
2757 3551 2942 3668 sm

644 3748 653 3763 .
929 3668 1192 3786 plzctff
1190 3696 1302 3755 mo
1366 3671 2146 3787 LINN.Vps273.
2228 3701 2304 3755 1.

318 3770 680 3887 caulis
743 3800 939 3885 inter
1002 3803 1353 3910 pedalem
1436 3820 1516 3883 et
1581 3799 2069 3882 bicubitalem
2149 3798 2546 3888 altitudine
2646 3809 2953 3917 variat,

301 3916 409 4011 ἐξ
422 3928 824 4041 superiora
917 3932 1159 4014 versus
1222 3929 1490 4012 leuiter
1582 3925 1962 4038 angulosus
2024 3927 2158 4012 est.
2331 3930 2538 4016 Folia
2595 3934 2920 4019 caulina
2914 3998 2943 4045 ,

302 4058 451 4142 vti
481 4059 567 4141 in
629 4054 1126 4141 vmbellifieris
1163 4055 1493 4140 solenne
1553 4055 1703 4162 est,
1768 4059 2044 4166 vagina
2107 4057 2542 4203 prodeunt,
2623 4090 2943 4174 quarum

304 4180 568 4270 infima
628 4206 948 4269 externe
1007 4184 1457 4295 plerumque
1519 4184 1783 4288 rubet,
1851 4203 1929 4266 et
1992 4187 2209 4295 iaepe
2275 4188 2358 4269 in
2394 4189 2768 4297 petiolum
2806 4192 2951 4274 ses

304 4309 809 4418 quiuncialem
875 4330 952 4394 et
1013 4312 1472 4396 triuncialem
1541 4312 1807 4396 definit
1840 4377 1864 4421 ‚
1928 4311 2122 4395 folio
2180 4314 2530 4417 onustum
2574 4385 2598 4426 ,
2625 4398 2630 4405 .
2659 4321 2947 4404 radica-

306 4434 361 4519 li
413 4439 660 4529 fimili.
814 4435 1339 4549 superiorum-
1412 4438 1773 4525 ibliorum
1875 4445 2194 4553 vaginae
2291 4443 2567 4552 pallide
2669 4449 2949 4530 virides

309 4557 464 4647 flmt
494 4633 519 4674 ‚
556 4661 567 4672 ‚
599 4564 790 4652 folia
893 4566 1166 4678 absque
1264 4569 1523 4685 petioli
1583 4571 2012 4658 interuentu
2102 4568 2554 4686 spargentes.
2687 4574 2949 4659 Pulcra

334 4690 570 4789 flor,
603 4694 851 4791 Sibir.
891 4697 1106 4787 Tom.
1146 4698 1253 4794 Π.
1620 4697 1706 4792 Y
2668 4702 2958 4800 ,florum
