4378 5721
837 620 988 715 ιν.
1058 620 1615 717 FLORIBVS
1678 623 2269 718 RADJAm'.
2655 558 2664 567 ⁶
2756 657 2935 737 149

318 867 447 938 tus,
515 850 764 939 Flores
825 855 1012 941 neco
1068 859 1162 942 ad
1227 859 1497 970 viginti
1565 859 1866 969 scapum
1930 862 2337 943 terminant
2371 925 2396 966 ‚
2488 879 2567 944 et
2632 884 2734 943 ex
2799 877 2925 943 to-

313 983 540 1068 tidem
608 982 925 1093 squamis
986 986 1587 1073 membranaceis
1646 989 1983 1099 spic-atim
2072 989 2441 1097 prodeunt
2477 1054 2499 1095 ‚
2601 990 2942 1098 siugulis-

310 1136 443 1222 que
539 1114 974 1221 pedunculis
1064 1114 1521 1201 crassiustulis
1614 1116 2187 1201 semiuncialibus
2259 1136 2337 1198 et
2403 1118 2863 1227 longioribus
2899 1185 2923 1227 ,

314 1262 448 1322 vna
506 1259 591 1322 et
649 1244 875 1325 altera
942 1244 1164 1351 ligula
1227 1247 1460 1329 audiis
1495 1310 1519 1351 ‚
1584 1245 1889 1352 innixi,
1948 1243 2076 1329 sub
2139 1247 2434 1327 initium
2503 1246 2699 1330 Maii
2787 1270 2938 1327 ex-

311 1371 754 1475 panduntur.
896 1367 1122 1455 calix
1175 1374 1583 1483 oblongus,
1627 1373 1969 1475 ⁸costatus
2006 1438 2028 1479 ‚
2088 1372 2409 1482 squamis
2473 1372 2715 1482 longis
2753 1439 2776 1478 ,
2836 1398 2936 1461 ex

306 1494 720 1583 lanceolato
778 1500 1171 1585 linearibus
1204 1568 1228 1610 ,
1292 1523 1369 1585 et
1429 1502 1715 1614 aliquot
1746 1504 2113 1584 -externis
2148 1567 2170 1608 ,
2236 1500 2582 1584 subulatis
2617 1504 2869 1612 potius
2905 1567 2932 1611 ,

305 1626 694 1710 conflatur.
827 1624 1011 1713 Flos
1075 1632 1451 1715 straminei
1511 1632 1662 1714 fiete
1724 1630 2002 1712 coloris
2037 1695 2061 1736 ,
2100 1631 2419 1712 radiatus
2455 1695 2475 1733 ‚
2514 1654 2613 1712 ex
2678 1629 2938 1716 floscu-

305 1750 383 1834 lis
442 1755 904 1865 audrogynis
972 1760 1277 1868 triginta
1341 1781 1422 1842 et
1487 1759 1809 1869 pluribus
1847 1824 1869 1862 ,
1934 1758 2181 1841 limbo
2242 1760 2320 1839 in
2385 1757 2722 1867 quinque
2765 1785 2943 1867 par·

304 1897 407 1964 tes
471 1880 688 1968 sectis
726 1950 750 1991 ,
811 1889 1310 1997 componitur
1347 1954 1371 1997 ,
1436 1914 1625 1997 quos
1687 1886 1873 1970 radii
1936 1887 2110 1970 loco
2179 1889 2742 1995 quatuordecim
2798 1889 2943 1968 cir-

300 2010 490 2094 citer
554 2009 976 2122 foeminei,
1044 2016 1303 2099 breues
1338 2080 1362 2121 ,
1425 2036 1748 2127 vtroque
1849 2034 2203 2097 extremo
2300 2013 2735 2097 mucronati
2774 2078 2796 2116 ,
2861 2033 2939 2098 et

298 2135 698 2225 secundum
764 2142 1313 2251 longitudinem
1382 2145 1580 2256 quasi
1647 2144 1901 2253 plicari
1964 2144 2289 2250 cingunt.
2433 2136 2744 2224 Semina
2797 2142 2943 2226 ob·

296 2263 569 2375 longa,
628 2268 1107 2381 craffiuscula,
1175 2298 1441 2384 pappo
1508 2272 1835 2381 simplici
1898 2272 2228 2355 candido
2263 2335 2286 2375 ,
2384 2269 2612 2353 calice
2702 2272 2939 2381 triplo

292 2392 642 2502 longiore
685 2462 707 2500 ,
775 2419 1137 2484 coronata
1167 2466 1191 2505 ,
1256 2402 1737 2509 receptaculo
1806 2400 2014 2482 nudo
2076 2398 2491 2482 inhaerent.

422 2522 562 2601 Ad
621 2521 839 2603 Irtim
904 2524 1223 2606 fluuium
1293 2546 1371 2606 et
1428 2528 1608 2606 hinc
1671 2527 1764 2606 ad
1858 2517 2206 2633 Iemseam
2304 2548 2538 2630 vsque
2617 2525 2696 2603 in
2759 2552 2934 2633 per-

284 2645 556 2731 multis
636 2646 986 2729 amnibus
1046 2667 1175 2731 aut
1232 2653 1471 2731 etiam
1535 2652 1614 2730 in
1674 2647 1902 2730 alueis
1965 2651 2195 2754 pigris
2250 2647 2435 2745 Irtis
2474 2711 2496 2752 ,
2563 2647 2719 2734 Obi
2757 2716 2780 2757 ,
2857 2671 2939 2737 et

282 2764 605 2886 Ienffeae
663 2774 1072 2859 fluuiorum
1131 2775 1633 2887 copiofiffima
1697 2773 1954 2884 planta
2018 2774 2122 2855 est
2156 2839 2181 2881 ,
2246 2773 2426 2885 quin
2490 2774 2757 2860 insulae
2792 2778 2940 2863 hu..

291 2905 633 2986 miliores
690 2904 1096 2987 fluuiorum
1162 2923 1241 2986 et
1302 2906 1649 2987 amnium
1716 2926 2254 3014 nonnunquam
2323 2905 2462 2985 vix
2500 2905 2649 2988 vlla
2702 2935 2935 3019 quam

290 3029 429 3114 hac
506 3033 762 3141 planta
824 3033 1276 3142 superbiunt.
1407 3030 1562 3118 Sub
1618 3051 1929 3139 tempus
1966 3032 2369 3115 emiffionis
2403 3029 2679 3115 florum
2723 3102 2747 3144 ‚
2787 3062 2938 3121 ex·
3035 3021 3046 3030 i

286 3176 511 3272 cepta
574 3158 770 3269 scapi
837 3162 1083 3245 floridi
1144 3182 1355 3272 parte
1394 3227 1418 3266 ,
1482 3163 1689 3270 aquis
1756 3159 2199 3268 plerumque
2306 3160 2666 3243 immersa
2752 3166 2863 3248 est
2902 3228 2930 3274 ,

282 3285 397 3370 his
456 3306 723 3371 autem
789 3289 1079 3372 aestatis
1140 3291 1391 3373 calore
1455 3287 1811 3399 dissipatis
1869 3289 1999 3371 vel
2075 3290 2157 3371 in
2221 3287 2419 3372 ficco
2453 3289 2931 3404 relinquitur,

284 3419 403 3499 vel
470 3434 716 3501 terrae
780 3418 1082 3527 palustri
1148 3417 1384 3501 infixa
1445 3418 1577 3500 est.
1635 3498 1645 3508 .
2977 3411 2978 3414 Ὺ

404 3543 714 3629 Ruffice
776 3541 1323 3665 aanymunx‘b
1386 3548 1679 3631 dicitur.
2217 3621 2236 3640 f

405 3670 604 3753 Icou
682 3671 984 3784 icapum
1089 3673 1500 3758 floriferum
1598 3674 1795 3761 fistit.
1929 3671 2038 3757 A.
2105 3668 2205 3761 B.
2269 3672 2434 3758 sunt
2499 3676 2674 3763 iblia
2715 3740 2740 3786 ‚
2810 3682 2924 3765 vti

284 3822 490 3886 mox
544 3801 720 3911 post
779 3800 1257 3886 emiffionem
1321 3803 1602 3887 florum
1672 3802 2071 3912 prodeunt.

410 4010 625 4094 127.
668 3969 1317 4096 TUSSILAGO
1383 3992 1600 4106 scapo
1665 3994 2133 4102 imbricatO,
2198 3994 2504 4081 floribus
2563 3993 2914 4109 spicam,

661 4124 1098 4242 pedunculis
1160 4124 1649 4230 multifloriS,
1717 4122 2029 4209 flostulis
2060 4059 2505 4304 p’auciffimis
2536 4129 2927 4238 androgy-

656 4253 798 4336 nis,
844 4251 1052 4398 Tab.
1117 4250 1432 4382 LXIX.
1501 4250 1615 4337 D.
1650 4252 1755 4338 Ε.

405 4443 489 4528 Α
559 4441 947 4558 Petasttide
998 4447 1281 4533 maiore
1356 4444 1657 4562 «υτιζςανί
1718 4461 1981 4618 Rure
2044 4447 2191 4537 vix
2252 4445 2391 4537 nifi
2447 4445 2708 4534 colore
2776 4472 2919 4532 co-

280 4571 718 4668 cellulamm
778 4570 1019 4680 iuteo
1042 4575 1314 4708 differt
2651 4706 2919 4797 Radix

1110 4931 1157 4982 0
