<?xml version="1.0" encoding="UTF-8"?>
<!DOCTYPE html PUBLIC "-//W3C//DTD XHTML 1.0 Transitional//EN"
    "http://www.w3.org/TR/xhtml1/DTD/xhtml1-transitional.dtd">
<html xmlns="http://www.w3.org/1999/xhtml" xml:lang="en" lang="en">
 <head>
  <title>
</title>
<meta http-equiv="Content-Type" content="text/html;charset=utf-8" />
  <meta name='ocr-system' content='tesseract 3.04.00' />
  <meta name='ocr-capabilities' content='ocr_page ocr_carea ocr_par ocr_line ocrx_word'/>
</head>
<body>
  <div class='ocr_page' id='page_1' title='image "./florasibiricasi00gmelgoog_0145.png"; bbox 0 0 4378 5721; ppageno 0'>
   <div class='ocr_carea' id='block_1_1' title="bbox 949 622 2903 730">
    <p class='ocr_par' dir='ltr' id='par_1_1' title="bbox 949 622 2903 730">
     <span class='ocr_line' id='line_1_1' title="bbox 949 622 2903 730; baseline -0.005 -10"><span class='ocrx_word' id='word_1_1' title='bbox 949 622 1124 720; x_wconf 79' lang='lat' dir='ltr'>m.</span> <span class='ocrx_word' id='word_1_2' title='bbox 1189 623 1754 720; x_wconf 82' lang='lat' dir='ltr'><em>FLORIBVS</em></span> <span class='ocrx_word' id='word_1_3' title='bbox 1815 624 1996 719; x_wconf 87' lang='lat' dir='ltr'>NV</span> <span class='ocrx_word' id='word_1_4' title='bbox 1985 624 2203 717; x_wconf 73' lang='lat'><strong><em>1313.</em></strong></span> <span class='ocrx_word' id='word_1_5' title='bbox 2729 648 2903 730; x_wconf 69' lang='grc' dir='ltr'>ης</span> 
     </span>
    </p>
   </div>
   <div class='ocr_carea' id='block_1_2' title="bbox 273 850 2955 4569">
    <p class='ocr_par' dir='ltr' id='par_1_2' title="bbox 273 850 2929 1479">
     <span class='ocr_line' id='line_1_2' title="bbox 396 850 2915 972; baseline -0.003 -26"><span class='ocrx_word' id='word_1_6' title='bbox 396 850 773 966; x_wconf 60' lang='grc' dir='ltr'>’Όοῖγῐῃδί</span> <span class='ocrx_word' id='word_1_7' title='bbox 837 854 1091 945; x_wconf 66' lang='lat' dir='ltr'>seffiloe</span> <span class='ocrx_word' id='word_1_8' title='bbox 1128 922 1153 966; x_wconf 89' lang='lat'>‚</span> <span class='ocrx_word' id='word_1_9' title='bbox 1253 853 1739 972; x_wconf 84' lang='lat' dir='ltr'>copiofiffimi</span> <span class='ocrx_word' id='word_1_10' title='bbox 1775 928 1801 971; x_wconf 85' lang='lat'>‚</span> <span class='ocrx_word' id='word_1_11' title='bbox 1862 858 2188 967; x_wconf 85' lang='lat' dir='ltr'>oblongi</span> <span class='ocrx_word' id='word_1_12' title='bbox 2226 923 2250 964; x_wconf 91' lang='lat'>,</span> <span class='ocrx_word' id='word_1_13' title='bbox 2350 855 2683 942; x_wconf 88' lang='lat' dir='ltr'>iuniores</span> <span class='ocrx_word' id='word_1_14' title='bbox 2740 875 2915 941; x_wconf 85' lang='lat' dir='ltr'>am·</span> 
     </span>
     <span class='ocr_line' id='line_1_3' title="bbox 281 982 2911 1100; baseline -0.001 -29"><span class='ocrx_word' id='word_1_15' title='bbox 281 982 534 1099; x_wconf 67' lang='lat' dir='ltr'>&#39;bignii,&#39;</span> <span class='ocrx_word' id='word_1_16' title='bbox 597 991 924 1073; x_wconf 74' lang='lat' dir='ltr'>nitentes</span> <span class='ocrx_word' id='word_1_17' title='bbox 956 1054 980 1096; x_wconf 84' lang='lat'>‚</span> <span class='ocrx_word' id='word_1_18' title='bbox 1039 990 1287 1100; x_wconf 85' lang='lat' dir='ltr'>magis</span> <span class='ocrx_word' id='word_1_19' title='bbox 1348 1009 1479 1075; x_wconf 92' lang='lat' dir='ltr'>aut</span> <span class='ocrx_word' id='word_1_20' title='bbox 1546 992 1799 1075; x_wconf 86' lang='lat' dir='ltr'>minus</span> <span class='ocrx_word' id='word_1_21' title='bbox 1859 991 2104 1076; x_wconf 82' lang='lat' dir='ltr'>incani</span> <span class='ocrx_word' id='word_1_22' title='bbox 2173 984 2364 1071; x_wconf 68' lang='lat' dir='ltr'>sunt.</span> <span class='ocrx_word' id='word_1_23' title='bbox 2531 982 2911 1098; x_wconf 82' lang='lat' dir='ltr'>Squamae</span> 
     </span>
     <span class='ocr_line' id='line_1_4' title="bbox 281 1114 2929 1227; baseline -0.001 -27"><span class='ocrx_word' id='word_1_24' title='bbox 281 1116 513 1201; x_wconf 74' lang='lat' dir='ltr'>calicis</span> <span class='ocrx_word' id='word_1_25' title='bbox 571 1120 901 1200; x_wconf 89' lang='lat' dir='ltr'>internae</span> <span class='ocrx_word' id='word_1_26' title='bbox 964 1116 1115 1202; x_wconf 71' lang='lat' dir='ltr'>fere</span> <span class='ocrx_word' id='word_1_27' title='bbox 1171 1121 1811 1204; x_wconf 79' lang='lat' dir='ltr'>membranaceae</span> <span class='ocrx_word' id='word_1_28' title='bbox 1873 1138 1953 1201; x_wconf 92' lang='lat' dir='ltr'>et</span> <span class='ocrx_word' id='word_1_29' title='bbox 2018 1115 2314 1226; x_wconf 82' lang='lat' dir='ltr'>glabrae</span> <span class='ocrx_word' id='word_1_30' title='bbox 2412 1114 2572 1198; x_wconf 85' lang='lat' dir='ltr'>sunt</span> <span class='ocrx_word' id='word_1_31' title='bbox 2638 1115 2929 1227; x_wconf 66' lang='lat' dir='ltr'>nitidaef</span> 
     </span>
     <span class='ocr_line' id='line_1_5' title="bbox 289 1238 2927 1358; baseline -0.003 -29"><span class='ocrx_word' id='word_1_32' title='bbox 289 1269 444 1354; x_wconf 83' lang='lat' dir='ltr'>que.</span> <span class='ocrx_word' id='word_1_33' title='bbox 576 1246 642 1330; x_wconf 91' lang='lat' dir='ltr'>F</span> <span class='ocrx_word' id='word_1_34' title='bbox 641 1243 894 1328; x_wconf 79' lang='lat' dir='ltr'>losculi</span> <span class='ocrx_word' id='word_1_35' title='bbox 949 1265 1099 1328; x_wconf 73' lang='lat' dir='ltr'>tren</span> <span class='ocrx_word' id='word_1_36' title='bbox 1160 1267 1285 1330; x_wconf 85' lang='lat' dir='ltr'>aut</span> <span class='ocrx_word' id='word_1_37' title='bbox 1342 1267 1661 1358; x_wconf 86' lang='lat' dir='ltr'>quatuor</span> <span class='ocrx_word' id='word_1_38' title='bbox 1722 1247 1896 1330; x_wconf 87' lang='lat' dir='ltr'>flaui</span> <span class='ocrx_word' id='word_1_39' title='bbox 1931 1238 2277 1330; x_wconf 77' lang='lat' dir='ltr'>croceiue</span> <span class='ocrx_word' id='word_1_40' title='bbox 2310 1244 2629 1327; x_wconf 68' lang='lat' dir='ltr'>nitentes</span> <span class='ocrx_word' id='word_1_41' title='bbox 2665 1267 2927 1327; x_wconf 74' lang='lat' dir='ltr'>vnum</span> 
     </span>
     <span class='ocr_line' id='line_1_6' title="bbox 273 1373 1279 1479; baseline 0.001 -23"><span class='ocrx_word' id='word_1_42' title='bbox 273 1375 731 1479; x_wconf 74' lang='lat' dir='ltr'>corymbum</span> <span class='ocrx_word' id='word_1_43' title='bbox 794 1373 1279 1459; x_wconf 70' lang='lat' dir='ltr'>constituunt.</span> 
     </span>
    </p>

    <p class='ocr_par' dir='ltr' id='par_1_3' title="bbox 393 1500 2645 1617">
     <span class='ocr_line' id='line_1_7' title="bbox 393 1500 2645 1617; baseline -0.001 -30"><span class='ocrx_word' id='word_1_44' title='bbox 393 1502 627 1587; x_wconf 87' lang='lat' dir='ltr'>Odor</span> <span class='ocrx_word' id='word_1_45' title='bbox 681 1501 908 1617; x_wconf 77' lang='lat' dir='ltr'>totius</span> <span class='ocrx_word' id='word_1_46' title='bbox 968 1503 1268 1611; x_wconf 80' lang='lat' dir='ltr'>plantae</span> <span class='ocrx_word' id='word_1_47' title='bbox 1329 1504 1782 1588; x_wconf 82' lang='lat' dir='ltr'>aromaticus</span> <span class='ocrx_word' id='word_1_48' title='bbox 1838 1500 1972 1586; x_wconf 83' lang='lat' dir='ltr'>est.</span> <span class='ocrx_word' id='word_1_49' title='bbox 2638 1576 2645 1585; x_wconf 90' lang='lat'>.</span> 
     </span>
    </p>

    <p class='ocr_par' dir='ltr' id='par_1_4' title="bbox 279 1624 2955 1999">
     <span class='ocr_line' id='line_1_8' title="bbox 401 1624 2913 1741; baseline -0.001 -28"><span class='ocrx_word' id='word_1_50' title='bbox 401 1632 599 1715; x_wconf 86' lang='lat' dir='ltr'>Tab.</span> <span class='ocrx_word' id='word_1_51' title='bbox 668 1628 770 1714; x_wconf 89' lang='lat' dir='ltr'>L.</span> <span class='ocrx_word' id='word_1_52' title='bbox 839 1630 899 1714; x_wconf 88' lang='lat' dir='ltr'>F</span> <span class='ocrx_word' id='word_1_53' title='bbox 900 1631 1007 1740; x_wconf 88' lang='lat' dir='ltr'>ig.</span> <span class='ocrx_word' id='word_1_54' title='bbox 1090 1657 1174 1713; x_wconf 89' lang='lat'>2.</span> <span class='ocrx_word' id='word_1_55' title='bbox 1215 1632 1389 1716; x_wconf 68' lang='lat' dir='ltr'>sistit</span> <span class='ocrx_word' id='word_1_56' title='bbox 1423 1631 1759 1741; x_wconf 80' lang='lat' dir='ltr'>plantam</span> <span class='ocrx_word' id='word_1_57' title='bbox 1796 1628 2180 1736; x_wconf 83' lang='lat' dir='ltr'>corymbis</span> <span class='ocrx_word' id='word_1_58' title='bbox 2272 1624 2727 1716; x_wconf 80' lang='lat' dir='ltr'>admodum.</span> <span class='ocrx_word' id='word_1_59' title='bbox 2773 1649 2913 1712; x_wconf 86' lang='lat' dir='ltr'>ex·</span> 
     </span>
     <span class='ocr_line' id='line_1_9' title="bbox 279 1758 2955 1869; baseline -0 -29"><span class='ocrx_word' id='word_1_60' title='bbox 279 1759 507 1869; x_wconf 70' lang='lat' dir='ltr'>pansis</span> <span class='ocrx_word' id='word_1_61' title='bbox 569 1758 1024 1869; x_wconf 82' lang='lat' dir='ltr'>floribusque</span> <span class='ocrx_word' id='word_1_62' title='bbox 1084 1762 1246 1844; x_wconf 85' lang='lat' dir='ltr'>iam</span> <span class='ocrx_word' id='word_1_63' title='bbox 1303 1760 1645 1845; x_wconf 85' lang='lat' dir='ltr'>euanidis</span> <span class='ocrx_word' id='word_1_64' title='bbox 1678 1826 1704 1869; x_wconf 85' lang='lat'>‚</span> <span class='ocrx_word' id='word_1_65' title='bbox 1790 1781 1873 1858; x_wconf 81' lang='lat'>3.</span> <span class='ocrx_word' id='word_1_66' title='bbox 1915 1761 2244 1844; x_wconf 75' lang='lat' dir='ltr'>‘eandem&#39;</span> <span class='ocrx_word' id='word_1_67' title='bbox 2296 1759 2684 1864; x_wconf 84' lang='lat' dir='ltr'>corymbis</span> <span class='ocrx_word' id='word_1_68' title='bbox 2701 1781 2955 1863; x_wconf 51' lang='lat' dir='ltr'>nonqg</span> 
     </span>
     <span class='ocr_line' id='line_1_10' title="bbox 280 1887 2919 1999; baseline -0.001 -28"><span class='ocrx_word' id='word_1_69' title='bbox 280 1887 455 1971; x_wconf 84' lang='lat' dir='ltr'>dum</span> <span class='ocrx_word' id='word_1_70' title='bbox 522 1887 785 1999; x_wconf 84' lang='lat' dir='ltr'>panfis.</span> <span class='ocrx_word' id='word_1_71' title='bbox 927 1898 934 1911; x_wconf 84' lang='lat'>&#39;</span> <span class='ocrx_word' id='word_1_72' title='bbox 1757 1903 1763 1910; x_wconf 84' lang='grc'><em>·</em></span> <span class='ocrx_word' id='word_1_73' title='bbox 2910 1928 2919 1969; x_wconf 75' lang='grc'>;</span> 
     </span>
    </p>

    <p class='ocr_par' dir='ltr' id='par_1_5' title="bbox 273 2011 2917 2262">
     <span class='ocr_line' id='line_1_11' title="bbox 401 2011 2917 2135; baseline -0.001 -37"><span class='ocrx_word' id='word_1_74' title='bbox 401 2011 530 2099; x_wconf 79' lang='lat' dir='ltr'>CL</span> <span class='ocrx_word' id='word_1_75' title='bbox 601 2013 714 2117; x_wconf 88' lang='lat' dir='ltr'>D.</span> <span class='ocrx_word' id='word_1_76' title='bbox 783 2025 1179 2109; x_wconf 79' lang='lat' dir='ltr'>LERCHE</span> <span class='ocrx_word' id='word_1_77' title='bbox 1224 2011 1769 2135; x_wconf 78' lang='lat' dir='ltr'>Astracbaniae</span> <span class='ocrx_word' id='word_1_78' title='bbox 1865 2036 1958 2103; x_wconf 77' lang='lat' dir='ltr'>vt</span> <span class='ocrx_word' id='word_1_79' title='bbox 2015 2034 2098 2101; x_wconf 81' lang='lat' dir='ltr'>et</span> <span class='ocrx_word' id='word_1_80' title='bbox 2153 2017 2252 2102; x_wconf 86' lang='lat' dir='ltr'>ad</span> <span class='ocrx_word' id='word_1_81' title='bbox 2317 2017 2567 2128; x_wconf 86' lang='lat' dir='ltr'>ripam</span> <span class='ocrx_word' id='word_1_82' title='bbox 2631 2012 2917 2100; x_wconf 82' lang='lat' dir='ltr'>elatam</span> 
     </span>
     <span class='ocr_line' id='line_1_12' title="bbox 273 2140 2215 2262; baseline 0 -35"><span class='ocrx_word' id='word_1_83' title='bbox 273 2144 570 2254; x_wconf 79' lang='lat' dir='ltr'>nigram</span> <span class='ocrx_word' id='word_1_84' title='bbox 639 2140 1251 2262; x_wconf 69' lang='lat' dir='ltr'>(tichomoijar)</span> <span class='ocrx_word' id='word_1_85' title='bbox 1313 2148 1451 2234; x_wconf 88' lang='lat' dir='ltr'><em>W</em></span> <span class='ocrx_word' id='word_1_86' title='bbox 1438 2147 1635 2257; x_wconf 53' lang='lat' dir='ltr'>agae</span> <span class='ocrx_word' id='word_1_87' title='bbox 1695 2148 1898 2238; x_wconf 86' lang='lat' dir='ltr'>fluuii</span> <span class='ocrx_word' id='word_1_88' title='bbox 1951 2145 2165 2257; x_wconf 89' lang='lat' dir='ltr'>legit.</span> <span class='ocrx_word' id='word_1_89' title='bbox 2206 2220 2215 2227; x_wconf 77' lang='grc'>.</span> 
     </span>
    </p>

    <p class='ocr_par' dir='ltr' id='par_1_6' title="bbox 281 2270 2923 2745">
     <span class='ocr_line' id='line_1_13' title="bbox 281 2270 2916 2384; baseline -0 -30"><span class='ocrx_word' id='word_1_90' title='bbox 281 2342 290 2347; x_wconf 95' lang='grc'>-</span> <span class='ocrx_word' id='word_1_91' title='bbox 405 2296 624 2359; x_wconf 83' lang='lat'><em>100.</em></span> <span class='ocrx_word' id='word_1_92' title='bbox 682 2272 1313 2361; x_wconf 85' lang='lat' dir='ltr'><strong>ARTEMISIA</strong></span> <span class='ocrx_word' id='word_1_93' title='bbox 1412 2275 1748 2361; x_wconf 62' lang='lat' dir='ltr'>frutico&amp;</span> <span class='ocrx_word' id='word_1_94' title='bbox 1786 2343 1810 2384; x_wconf 87' lang='lat'>‚</span> <span class='ocrx_word' id='word_1_95' title='bbox 1908 2278 2176 2359; x_wconf 87' lang='lat' dir='ltr'>incana</span> <span class='ocrx_word' id='word_1_96' title='bbox 2214 2342 2238 2384; x_wconf 86' lang='lat'>‚</span> <span class='ocrx_word' id='word_1_97' title='bbox 2332 2270 2854 2373; x_wconf 45' lang='lat' dir='ltr'>‚ramofisfima</span> <span class='ocrx_word' id='word_1_98' title='bbox 2888 2330 2916 2376; x_wconf 81' lang='grc'>,</span> 
     </span>
     <span class='ocr_line' id='line_1_14' title="bbox 652 2400 2917 2516; baseline -0 -32"><span class='ocrx_word' id='word_1_99' title='bbox 652 2403 1044 2507; x_wconf 86' lang='lat' dir='ltr'>corymbis</span> <span class='ocrx_word' id='word_1_100' title='bbox 1101 2405 1447 2490; x_wconf 85' lang='lat' dir='ltr'>seffilibus</span> <span class='ocrx_word' id='word_1_101' title='bbox 1481 2472 1504 2510; x_wconf 90' lang='lat'>‚</span> <span class='ocrx_word' id='word_1_102' title='bbox 1567 2405 1859 2516; x_wconf 88' lang='lat' dir='ltr'>spicatis</span> <span class='ocrx_word' id='word_1_103' title='bbox 1896 2469 1921 2511; x_wconf 87' lang='lat'>,</span> <span class='ocrx_word' id='word_1_104' title='bbox 1981 2405 2449 2489; x_wconf 85' lang='lat' dir='ltr'>subrotundis</span> <span class='ocrx_word' id='word_1_105' title='bbox 2484 2466 2510 2507; x_wconf 88' lang='lat'>,</span> <span class='ocrx_word' id='word_1_106' title='bbox 2576 2400 2773 2511; x_wconf 74' lang='lat' dir='ltr'>spliis</span> <span class='ocrx_word' id='word_1_107' title='bbox 2806 2400 2917 2483; x_wconf 57' lang='lat' dir='ltr'>sue·</span> 
     </span>
     <span class='ocr_line' id='line_1_15' title="bbox 657 2523 2923 2637; baseline 0 -31"><span class='ocrx_word' id='word_1_108' title='bbox 657 2528 1073 2636; x_wconf 82' lang='lat' dir='ltr'>potioribus</span> <span class='ocrx_word' id='word_1_109' title='bbox 1169 2532 1574 2613; x_wconf 81' lang='lat' dir='ltr'>linearibus</span> <span class='ocrx_word' id='word_1_110' title='bbox 1607 2593 1656 2637; x_wconf 83' lang='lat'>‚.</span> <span class='ocrx_word' id='word_1_111' title='bbox 1744 2530 2191 2612; x_wconf 84' lang='lat' dir='ltr'>breuiffimis</span> <span class='ocrx_word' id='word_1_112' title='bbox 2241 2594 2265 2634; x_wconf 89' lang='lat'><strong>,</strong></span> <span class='ocrx_word' id='word_1_113' title='bbox 2366 2523 2923 2611; x_wconf 76' lang='lat' dir='ltr'>obtufiusculis.</span> 
     </span>
     <span class='ocr_line' id='line_1_16' title="bbox 653 2649 1572 2745; baseline -0.007 -9"><span class='ocrx_word' id='word_1_114' title='bbox 653 2653 865 2736; x_wconf 84' lang='lat' dir='ltr'>Tab.</span> <span class='ocrx_word' id='word_1_115' title='bbox 938 2649 1087 2736; x_wconf 86' lang='lat' dir='ltr'>LI.</span> <span class='ocrx_word' id='word_1_116' title='bbox 1156 2722 1166 2730; x_wconf 90' lang='lat'><strong><em>.</em></strong></span> <span class='ocrx_word' id='word_1_117' title='bbox 1243 2728 1256 2745; x_wconf 79' lang='grc'><em>,</em></span> <span class='ocrx_word' id='word_1_118' title='bbox 1477 2722 1486 2731; x_wconf 82' lang='grc'><strong>.</strong></span> <span class='ocrx_word' id='word_1_119' title='bbox 1569 2726 1572 2729; x_wconf 87' lang='grc'>.</span> 
     </span>
    </p>

    <p class='ocr_par' dir='ltr' id='par_1_7' title="bbox 276 2777 2927 3792">
     <span class='ocr_line' id='line_1_17' title="bbox 399 2777 2924 2893; baseline -0.001 -22"><span class='ocrx_word' id='word_1_120' title='bbox 399 2780 699 2893; x_wconf 86' lang='lat' dir='ltr'>Magna</span> <span class='ocrx_word' id='word_1_121' title='bbox 762 2805 949 2864; x_wconf 82' lang='lat' dir='ltr'>cmn</span> <span class='ocrx_word' id='word_1_122' title='bbox 1017 2780 1252 2868; x_wconf 86' lang='lat' dir='ltr'>herba</span> <span class='ocrx_word' id='word_1_123' title='bbox 1319 2782 1553 2893; x_wconf 79' lang='lat' dir='ltr'>priori</span> <span class='ocrx_word' id='word_1_124' title='bbox 1617 2797 1699 2866; x_wconf 89' lang='lat' dir='ltr'>et</span> <span class='ocrx_word' id='word_1_125' title='bbox 1757 2806 1939 2867; x_wconf 89' lang='lat' dir='ltr'>curn</span> <span class='ocrx_word' id='word_1_126' title='bbox 2003 2777 2238 2866; x_wconf 86' lang='lat' dir='ltr'>herba</span> <span class='ocrx_word' id='word_1_127' title='bbox 2300 2781 2473 2869; x_wconf 83' lang='lat' dir='ltr'>alba</span> <span class='ocrx_word' id='word_1_128' title='bbox 2529 2781 2638 2870; x_wconf 82' lang='lat' dir='ltr'>est</span> <span class='ocrx_word' id='word_1_129' title='bbox 2668 2777 2924 2868; x_wconf 87' lang='lat' dir='ltr'>affini-</span> 
     </span>
     <span class='ocr_line' id='line_1_18' title="bbox 276 2908 2923 3023; baseline -0.001 -24"><span class='ocrx_word' id='word_1_130' title='bbox 276 2932 405 2999; x_wconf 77' lang='lat' dir='ltr'>tas.</span> <span class='ocrx_word' id='word_1_131' title='bbox 538 2910 860 2995; x_wconf 80' lang='lat' dir='ltr'>Inferior</span> <span class='ocrx_word' id='word_1_132' title='bbox 919 2934 1090 3020; x_wconf 80' lang='lat' dir='ltr'>pars</span> <span class='ocrx_word' id='word_1_133' title='bbox 1151 2912 1377 2995; x_wconf 89' lang='lat' dir='ltr'>caulis</span> <span class='ocrx_word' id='word_1_134' title='bbox 1433 2908 1697 2995; x_wconf 84' lang='lat' dir='ltr'>deficit</span> <span class='ocrx_word' id='word_1_135' title='bbox 1730 2974 1753 3015; x_wconf 89' lang='lat'>,</span> <span class='ocrx_word' id='word_1_136' title='bbox 1818 2933 1975 3019; x_wconf 88' lang='lat' dir='ltr'>quo</span> <span class='ocrx_word' id='word_1_137' title='bbox 2008 2910 2260 2993; x_wconf 85' lang='lat' dir='ltr'>minus</span> <span class='ocrx_word' id='word_1_138' title='bbox 2290 2915 2480 2995; x_wconf 85' lang='lat' dir='ltr'>certi</span> <span class='ocrx_word' id='word_1_139' title='bbox 2513 2915 2696 3023; x_wconf 85' lang='lat' dir='ltr'>qnid</span> <span class='ocrx_word' id='word_1_140' title='bbox 2743 2911 2923 2997; x_wconf 87' lang='lat' dir='ltr'>difi-</span> 
     </span>
     <span class='ocr_line' id='line_1_19' title="bbox 283 2983 2926 3152; baseline -0.001 -25"><span class='ocrx_word' id='word_1_141' title='bbox 283 2983 744 3127; x_wconf 50' lang='lat' dir='ltr'>nioefflceat.</span> <span class='ocrx_word' id='word_1_142' title='bbox 842 3037 1091 3122; x_wconf 71' lang='lat' dir='ltr'>,Folia</span> <span class='ocrx_word' id='word_1_143' title='bbox 1153 3037 1506 3150; x_wconf 76' lang='lat' dir='ltr'>pleraqoe</span> <span class='ocrx_word' id='word_1_144' title='bbox 1537 3045 1591 3144; x_wconf 81' lang='lat'>‚&#39;</span> <span class='ocrx_word' id='word_1_145' title='bbox 1624 3061 1815 3149; x_wconf 87' lang='lat' dir='ltr'>quae</span> <span class='ocrx_word' id='word_1_146' title='bbox 1881 3038 1963 3120; x_wconf 85' lang='lat' dir='ltr'>in</span> <span class='ocrx_word' id='word_1_147' title='bbox 2022 3039 2248 3123; x_wconf 85' lang='lat' dir='ltr'>caulis</span> <span class='ocrx_word' id='word_1_148' title='bbox 2280 3038 2654 3152; x_wconf 82' lang='lat' dir='ltr'>superiore</span> <span class='ocrx_word' id='word_1_149' title='bbox 2692 3060 2926 3150; x_wconf 75' lang='lat' dir='ltr'>&#39;parte</span> 
     </span>
     <span class='ocr_line' id='line_1_20' title="bbox 281 3166 2926 3281; baseline 0 -28"><span class='ocrx_word' id='word_1_150' title='bbox 281 3169 362 3253; x_wconf 72' lang='lat' dir='ltr'>e&#39;t</span> <span class='ocrx_word' id='word_1_151' title='bbox 416 3170 655 3255; x_wconf 86' lang='lat' dir='ltr'>ramis</span> <span class='ocrx_word' id='word_1_152' title='bbox 691 3185 1172 3277; x_wconf 70' lang='lat' dir='ltr'>comparent</span> <span class='ocrx_word' id='word_1_153' title='bbox 1203 3231 1229 3271; x_wconf 86' lang='lat'>,</span> <span class='ocrx_word' id='word_1_154' title='bbox 1291 3167 1657 3277; x_wconf 70' lang='lat' dir='ltr'>simplicia</span> <span class='ocrx_word' id='word_1_155' title='bbox 1717 3166 1884 3249; x_wconf 91' lang='lat' dir='ltr'>sunt</span> <span class='ocrx_word' id='word_1_156' title='bbox 1918 3231 1942 3273; x_wconf 86' lang='lat'>‚</span> <span class='ocrx_word' id='word_1_157' title='bbox 2041 3185 2125 3250; x_wconf 86' lang='lat' dir='ltr'>et</span> <span class='ocrx_word' id='word_1_158' title='bbox 2186 3167 2454 3279; x_wconf 80' lang='lat' dir='ltr'>paffim</span> <span class='ocrx_word' id='word_1_159' title='bbox 2505 3196 2662 3281; x_wconf 71' lang='lat' dir='ltr'>¹per</span> <span class='ocrx_word' id='word_1_160' title='bbox 2720 3169 2926 3255; x_wconf 78' lang='lat' dir='ltr'>falci-</span> 
     </span>
     <span class='ocr_line' id='line_1_21' title="bbox 282 3289 2925 3408; baseline 0 -26"><span class='ocrx_word' id='word_1_161' title='bbox 282 3299 479 3382; x_wconf 80' lang='lat' dir='ltr'>culos</span> <span class='ocrx_word' id='word_1_162' title='bbox 543 3295 925 3406; x_wconf 81' lang='lat' dir='ltr'>congesta.</span> <span class='ocrx_word' id='word_1_163' title='bbox 1058 3289 1444 3402; x_wconf 84' lang='lat' dir='ltr'>Corymbi</span> <span class='ocrx_word' id='word_1_164' title='bbox 1501 3290 1983 3404; x_wconf 87' lang='lat' dir='ltr'>copiofiffimi</span> <span class='ocrx_word' id='word_1_165' title='bbox 2020 3359 2045 3401; x_wconf 90' lang='lat'>,</span> <span class='ocrx_word' id='word_1_166' title='bbox 2107 3298 2188 3379; x_wconf 89' lang='lat' dir='ltr'>in</span> <span class='ocrx_word' id='word_1_167' title='bbox 2252 3296 2384 3379; x_wconf 87' lang='lat' dir='ltr'>alis</span> <span class='ocrx_word' id='word_1_168' title='bbox 2429 3299 2925 3408; x_wconf 67' lang='lat' dir='ltr'>longiusculoe</span> 
     </span>
     <span class='ocr_line' id='line_1_22' title="bbox 291 3420 2927 3535; baseline 0.003 -26"><span class='ocrx_word' id='word_1_169' title='bbox 291 3450 451 3510; x_wconf 84' lang='lat' dir='ltr'>rum</span> <span class='ocrx_word' id='word_1_170' title='bbox 491 3492 515 3534; x_wconf 86' lang='lat'>‚</span> <span class='ocrx_word' id='word_1_171' title='bbox 588 3421 1025 3508; x_wconf 75' lang='lat' dir='ltr'>obnrsorum</span> <span class='ocrx_word' id='word_1_172' title='bbox 1125 3421 1564 3507; x_wconf 66' lang='lat' dir='ltr'>fiiliolorum</span> <span class='ocrx_word' id='word_1_173' title='bbox 1662 3420 1915 3505; x_wconf 78' lang='lat' dir='ltr'>seffiles</span> <span class='ocrx_word' id='word_1_174' title='bbox 1942 3487 1972 3528; x_wconf 87' lang='lat'>,</span> <span class='ocrx_word' id='word_1_175' title='bbox 2035 3422 2250 3535; x_wconf 70' lang='lat' dir='ltr'>ssepe</span> <span class='ocrx_word' id='word_1_176' title='bbox 2314 3424 2638 3511; x_wconf 83' lang='lat' dir='ltr'>secundi.</span> <span class='ocrx_word' id='word_1_177' title='bbox 2711 3428 2927 3519; x_wconf 83' lang='lat' dir='ltr'>Folia</span> 
     </span>
     <span class='ocr_line' id='line_1_23' title="bbox 289 3550 2924 3670; baseline 0.003 -33"><span class='ocrx_word' id='word_1_178' title='bbox 289 3553 592 3637; x_wconf 72' lang='lat' dir='ltr'>linearia</span> <span class='ocrx_word' id='word_1_179' title='bbox 619 3619 650 3661; x_wconf 82' lang='lat'>,</span> <span class='ocrx_word' id='word_1_180' title='bbox 709 3555 901 3638; x_wconf 87' lang='lat' dir='ltr'>inter</span> <span class='ocrx_word' id='word_1_181' title='bbox 957 3575 1147 3660; x_wconf 85' lang='lat' dir='ltr'>quae</span> <span class='ocrx_word' id='word_1_182' title='bbox 1211 3550 1635 3659; x_wconf 83' lang='lat' dir='ltr'>longiffima</span> <span class='ocrx_word' id='word_1_183' title='bbox 1698 3550 1843 3640; x_wconf 79' lang='lat' dir='ltr'>vix</span> <span class='ocrx_word' id='word_1_184' title='bbox 1874 3551 2236 3636; x_wconf 86' lang='lat' dir='ltr'>trientem</span> <span class='ocrx_word' id='word_1_185' title='bbox 2273 3556 2542 3639; x_wconf 75' lang='lat' dir='ltr'>vnciae</span> <span class='ocrx_word' id='word_1_186' title='bbox 2573 3581 2924 3670; x_wconf 85' lang='lat' dir='ltr'>aequant.</span> 
     </span>
     <span class='ocr_line' id='line_1_24' title="bbox 294 3675 2540 3792; baseline -0.001 -24"><span class='ocrx_word' id='word_1_187' title='bbox 294 3681 600 3770; x_wconf 83' lang='lat' dir='ltr'>Ramuli</span> <span class='ocrx_word' id='word_1_188' title='bbox 636 3746 660 3788; x_wconf 86' lang='lat'>,</span> <span class='ocrx_word' id='word_1_189' title='bbox 726 3705 917 3791; x_wconf 88' lang='lat' dir='ltr'>quos</span> <span class='ocrx_word' id='word_1_190' title='bbox 982 3675 1318 3789; x_wconf 86' lang='lat' dir='ltr'>poffideo</span> <span class='ocrx_word' id='word_1_191' title='bbox 1350 3743 1375 3785; x_wconf 93' lang='lat'>‚</span> <span class='ocrx_word' id='word_1_192' title='bbox 1437 3676 1745 3792; x_wconf 86' lang='lat' dir='ltr'>pedales</span> <span class='ocrx_word' id='word_1_193' title='bbox 1798 3695 1881 3760; x_wconf 89' lang='lat' dir='ltr'>et</span> <span class='ocrx_word' id='word_1_194' title='bbox 1937 3679 2290 3765; x_wconf 87' lang='lat' dir='ltr'>cubitales</span> <span class='ocrx_word' id='word_1_195' title='bbox 2351 3679 2540 3765; x_wconf 87' lang='lat' dir='ltr'>sunt.</span> 
     </span>
    </p>

    <p class='ocr_par' dir='ltr' id='par_1_8' title="bbox 293 3803 2930 4049">
     <span class='ocr_line' id='line_1_25' title="bbox 417 3803 2930 3925; baseline 0.002 -32"><span class='ocrx_word' id='word_1_196' title='bbox 417 3808 957 3896; x_wconf 84' lang='lat' dir='ltr'>Odoratiffima</span> <span class='ocrx_word' id='word_1_197' title='bbox 1018 3806 1277 3916; x_wconf 88' lang='lat' dir='ltr'>planta</span> <span class='ocrx_word' id='word_1_198' title='bbox 1339 3807 1449 3892; x_wconf 90' lang='lat' dir='ltr'>est</span> <span class='ocrx_word' id='word_1_199' title='bbox 1482 3873 1508 3916; x_wconf 85' lang='lat'>‚</span> <span class='ocrx_word' id='word_1_200' title='bbox 1572 3803 2124 3920; x_wconf 80' lang='lat' dir='ltr'>Astrachaniae</span> <span class='ocrx_word' id='word_1_201' title='bbox 2157 3873 2182 3916; x_wconf 92' lang='lat'>,</span> <span class='ocrx_word' id='word_1_202' title='bbox 2245 3809 2383 3893; x_wconf 81' lang='lat' dir='ltr'>vbi</span> <span class='ocrx_word' id='word_1_203' title='bbox 2428 3807 2748 3897; x_wconf 81' lang='lat' dir='ltr'>nascitur</span> <span class='ocrx_word' id='word_1_204' title='bbox 2786 3881 2812 3925; x_wconf 85' lang='lat'>,</span> <span class='ocrx_word' id='word_1_205' title='bbox 2845 3819 2930 3904; x_wconf 86' lang='lat' dir='ltr'>in</span> 
     </span>
     <span class='ocr_line' id='line_1_26' title="bbox 293 3933 2554 4049; baseline -0 -28"><span class='ocrx_word' id='word_1_206' title='bbox 293 3933 927 4049; x_wconf 82' lang='lat' dir='ltr'>pharmacopoeis</span> <span class='ocrx_word' id='word_1_207' title='bbox 987 3933 1113 4019; x_wconf 87' lang='lat' dir='ltr'>sub</span> <span class='ocrx_word' id='word_1_208' title='bbox 1178 3939 1494 4020; x_wconf 88' lang='lat' dir='ltr'>nomine</span> <span class='ocrx_word' id='word_1_209' title='bbox 1554 3934 1902 4032; x_wconf 81' lang='lat' dir='ltr'>absmthii</span> <span class='ocrx_word' id='word_1_210' title='bbox 1959 3936 2253 4048; x_wconf 83' lang='lat' dir='ltr'>pontici</span> <span class='ocrx_word' id='word_1_211' title='bbox 2316 3957 2554 4022; x_wconf 56' lang='lat' dir='ltr'>not-ax</span> 
     </span>
    </p>

    <p class='ocr_par' dir='ltr' id='par_1_9' title="bbox 293 4062 2933 4569">
     <span class='ocr_line' id='line_1_27' title="bbox 418 4062 2931 4175; baseline 0.003 -25"><span class='ocrx_word' id='word_1_212' title='bbox 418 4065 640 4150; x_wconf 83' lang='lat' dir='ltr'>Hanc</span> <span class='ocrx_word' id='word_1_213' title='bbox 698 4085 776 4148; x_wconf 87' lang='lat' dir='ltr'>et</span> <span class='ocrx_word' id='word_1_214' title='bbox 841 4064 1414 4175; x_wconf 83' lang='lat' dir='ltr'>praecedentem</span> <span class='ocrx_word' id='word_1_215' title='bbox 1481 4062 1825 4175; x_wconf 83' lang='lat' dir='ltr'>plantam</span> <span class='ocrx_word' id='word_1_216' title='bbox 1893 4081 1977 4148; x_wconf 89' lang='lat' dir='ltr'>et</span> <span class='ocrx_word' id='word_1_217' title='bbox 2036 4076 2151 4148; x_wconf 76' lang='lat' dir='ltr'>n0.</span> <span class='ocrx_word' id='word_1_218' title='bbox 2226 4083 2374 4168; x_wconf 81' lang='lat'>97.</span> <span class='ocrx_word' id='word_1_219' title='bbox 2413 4067 2666 4154; x_wconf 87' lang='lat' dir='ltr'>multis</span> <span class='ocrx_word' id='word_1_220' title='bbox 2696 4075 2931 4159; x_wconf 89' lang='lat' dir='ltr'>ratio-</span> 
     </span>
     <span class='ocr_line' id='line_1_28' title="bbox 294 4190 2933 4304; baseline 0.003 -25"><span class='ocrx_word' id='word_1_221' title='bbox 294 4196 504 4279; x_wconf 78' lang='lat' dir='ltr'>nibus</span> <span class='ocrx_word' id='word_1_222' title='bbox 567 4210 1007 4278; x_wconf 84' lang='lat' dir='ltr'>commotus</span> <span class='ocrx_word' id='word_1_223' title='bbox 1072 4219 1219 4304; x_wconf 90' lang='lat' dir='ltr'>pro</span> <span class='ocrx_word' id='word_1_224' title='bbox 1312 4217 1470 4275; x_wconf 77' lang='lat' dir='ltr'>vna</span> <span class='ocrx_word' id='word_1_225' title='bbox 1551 4193 1968 4304; x_wconf 64' lang='lat' dir='ltr'>eademque</span> <span class='ocrx_word' id='word_1_226' title='bbox 2028 4190 2304 4277; x_wconf 86' lang='lat' dir='ltr'>habeo.</span> <span class='ocrx_word' id='word_1_227' title='bbox 2434 4194 2645 4281; x_wconf 87' lang='lat' dir='ltr'>Mire</span> <span class='ocrx_word' id='word_1_228' title='bbox 2716 4200 2933 4289; x_wconf 63' lang='lat' dir='ltr'>iacies</span> 
     </span>
     <span class='ocr_line' id='line_1_29' title="bbox 301 4318 2933 4432; baseline 0.002 -24"><span class='ocrx_word' id='word_1_229' title='bbox 301 4326 535 4408; x_wconf 66' lang='lat' dir='ltr'>variat</span> <span class='ocrx_word' id='word_1_230' title='bbox 599 4347 746 4432; x_wconf 76' lang='lat' dir='ltr'>pro</span> <span class='ocrx_word' id='word_1_231' title='bbox 801 4318 1082 4406; x_wconf 65' lang='lat' dir='ltr'>diuerfia</span> <span class='ocrx_word' id='word_1_232' title='bbox 1114 4320 1416 4432; x_wconf 87' lang='lat' dir='ltr'>plantae</span> <span class='ocrx_word' id='word_1_233' title='bbox 1447 4338 1680 4404; x_wconf 80' lang='lat' dir='ltr'>aetate</span> <span class='ocrx_word' id='word_1_234' title='bbox 1719 4385 1744 4427; x_wconf 91' lang='lat'>,</span> <span class='ocrx_word' id='word_1_235' title='bbox 1807 4319 2015 4432; x_wconf 85' lang='lat' dir='ltr'>quod</span> <span class='ocrx_word' id='word_1_236' title='bbox 2049 4322 2406 4431; x_wconf 87' lang='lat' dir='ltr'>inprimis</span> <span class='ocrx_word' id='word_1_237' title='bbox 2435 4327 2637 4409; x_wconf 86' lang='lat' dir='ltr'>circa</span> <span class='ocrx_word' id='word_1_238' title='bbox 2668 4329 2933 4413; x_wconf 80' lang='lat' dir='ltr'>Astra-</span> 
     </span>
     <span class='ocr_line' id='line_1_30' title="bbox 293 4446 2930 4569; baseline -0.002 -35"><span class='ocrx_word' id='word_1_239' title='bbox 293 4449 742 4536; x_wconf 76' lang='lat' dir='ltr'>cbanenlcm</span> <span class='ocrx_word' id='word_1_240' title='bbox 810 4447 1185 4534; x_wconf 81' lang='lat' dir='ltr'>obseruaui</span> <span class='ocrx_word' id='word_1_241' title='bbox 1227 4519 1251 4560; x_wconf 85' lang='lat'>,</span> <span class='ocrx_word' id='word_1_242' title='bbox 1307 4449 1514 4533; x_wconf 89' lang='lat' dir='ltr'>cuius</span> <span class='ocrx_word' id='word_1_243' title='bbox 1572 4446 1883 4534; x_wconf 69' lang='lat' dir='ltr'>flemina.</span> <span class='ocrx_word' id='word_1_244' title='bbox 1913 4449 2117 4559; x_wconf 79' lang='lat' dir='ltr'>apud</span> <span class='ocrx_word' id='word_1_245' title='bbox 2181 4474 2320 4533; x_wconf 90' lang='lat' dir='ltr'>me</span> <span class='ocrx_word' id='word_1_246' title='bbox 2384 4451 2464 4534; x_wconf 91' lang='lat' dir='ltr'>in</span> <span class='ocrx_word' id='word_1_247' title='bbox 2500 4451 2733 4540; x_wconf 83' lang='lat' dir='ltr'>horto</span> <span class='ocrx_word' id='word_1_248' title='bbox 2764 4482 2930 4569; x_wconf 86' lang='lat' dir='ltr'>ger.</span> 
     </span>
    </p>
   </div>
   <div class='ocr_carea' id='block_1_3' title="bbox 303 4576 3071 4698">
    <p class='ocr_par' dir='ltr' id='par_1_10' title="bbox 303 4576 3071 4698">
     <span class='ocr_line' id='line_1_31' title="bbox 303 4576 3071 4698; baseline -0.003 -31"><span class='ocrx_word' id='word_1_249' title='bbox 303 4598 806 4667; x_wconf 64' lang='lat' dir='ltr'>nnnanerunt.r</span> <span class='ocrx_word' id='word_1_250' title='bbox 960 4579 1038 4663; x_wconf 84' lang='lat' dir='ltr'>T</span> <span class='ocrx_word' id='word_1_251' title='bbox 1040 4597 1166 4665; x_wconf 84' lang='lat' dir='ltr'>ota</span> <span class='ocrx_word' id='word_1_252' title='bbox 1265 4578 1521 4666; x_wconf 87' lang='lat' dir='ltr'>incana</span> <span class='ocrx_word' id='word_1_253' title='bbox 1613 4576 1731 4665; x_wconf 82' lang='lat' dir='ltr'>est</span> <span class='ocrx_word' id='word_1_254' title='bbox 1813 4579 2113 4669; x_wconf 83' lang='lat' dir='ltr'>-iuuenis</span> <span class='ocrx_word' id='word_1_255' title='bbox 2204 4577 2461 4698; x_wconf 73' lang='lat' dir='ltr'>phata</span> <span class='ocrx_word' id='word_1_256' title='bbox 2489 4647 2517 4696; x_wconf 84' lang='lat'>,</span> <span class='ocrx_word' id='word_1_257' title='bbox 2607 4603 2689 4668; x_wconf 87' lang='lat' dir='ltr'>et</span> <span class='ocrx_word' id='word_1_258' title='bbox 2782 4612 2935 4697; x_wconf 85' lang='lat' dir='ltr'>quo</span> <span class='ocrx_word' id='word_1_259' title='bbox 3065 4653 3071 4659; x_wconf 82' lang='lat'><strong>.</strong></span> 
     </span>
    </p>
   </div>
   <div class='ocr_carea' id='block_1_4' title="bbox 1479 4685 2930 4826">
    <p class='ocr_par' dir='ltr' id='par_1_11' title="bbox 1479 4685 2930 4826">
     <span class='ocr_line' id='line_1_32' title="bbox 1479 4685 2930 4826; baseline 0.008 -33"><span class='ocrx_word' id='word_1_260' title='bbox 1479 4704 1541 4793; x_wconf 85' lang='lat' dir='ltr'>P</span> <span class='ocrx_word' id='word_1_261' title='bbox 1605 4685 1696 4787; x_wconf 67' lang='lat' dir='ltr'>a.¹</span> <span class='ocrx_word' id='word_1_262' title='bbox 2548 4712 2875 4803; x_wconf 79' lang='lat' dir='ltr'>adultior</span> <span class='ocrx_word' id='word_1_263' title='bbox 2903 4777 2930 4826; x_wconf 82' lang='lat'>‚</span> 
     </span>
    </p>
   </div>
  </div>
 </body>
</html>
