4378 5721
1394 590 1598 673 υς
2101 581 2251 674 m.
2319 568 2881 681 nomm
2924 522 3409 676 Νῆις(

1535 809 1843 905 Incolae
1901 804 2317 926 Ienilberfis
2378 815 2849 924 hydromelli
2904 816 3000 902 ad
3082 827 3386 924 gratum
3482 810 3622 925 ipfi
3717 812 4050 900 odotem

1405 941 2006 1052 impertiendum
2070 945 2479 1055 incoquunt
2516 1011 2542 1055 ,
2603 967 2879 1032 cavent
2941 963 3207 1029 tamen
3240 1006 3268 1050 ,
3332 966 3431 1026 ne
3486 943 3721 1035 ,dofin
3819 942 4054 1026 nimis

1401 1087 1733 1178 augeant
1767 1134 1794 1178 ,
1857 1069 2061 1156 vnde
2124 1072 2323 1156 odor
2383 1072 2713 1160 aduersus
2774 1076 2920 1162 fiue
2980 1072 3307 1165 nimium
3367 1074 3614 1183 grauis
3709 1072 4051 1157 exorire-

1412 1216 1559 1303 tur.
1693 1195 1876 1310 Ego
1938 1201 2034 1285 ad
2096 1200 2476 1311 pediluuia
2541 1228 2904 1314 perquam
2970 1200 3481 1287 commodam
3543 1198 4045 1312 deprehendi,

1407 1350 1602 1438 quae
1668 1327 1897 1423 etiam
1963 1328 2176 1436 aliis,
2237 1330 2497 1440 quibus
2556 1329 3164 1447 commendaui
3230 1329 3484 1435 arrisit.

1549 1453 1682 1540 Ex
1748 1394 2176 1549 {eminibus
2204 1459 2626 1544 recentibus
2687 1458 2903 1545 facile
2969 1477 3487 1569 propagatur,
3590 1454 3872 1548 felicius
3932 1473 4045 1538 ta·

1416 1606 1609 1670 men
1670 1606 1770 1689 ex
1836 1583 2034 1692 inis,
2102 1610 2287 1732 quae
2349 1584 2614 1696 sponte
2674 1589 3087 1691 decidunt,
3155 1603 3234 1667 et
3265 1583 3413 1669 fiere
3447 1584 3780 1669 zizaniae
3831 1582 4051 1668 instar

1413 1708 1794 1819 nascitur,
1863 1738 2087 1825 quam
2151 1717 2498 1829 primum
2563 1716 2888 1829 aliquem
2951 1716 3032 1800 in
3090 1711 3325 1799 horto
3390 1712 3652 1798 locum
3714 1735 4044 1823 occupa-
4058 1728 4065 1732 ’

1212 1944 1222 1959 ‚
1402 1841 1632 1931 verit.

1491 1994 1596 2051 1
1610 1993 1757 2078 09.
1824 1968 2457 2062 ARTEMISIA
2521 1975 2724 2061 foliis
2784 1918 3616 2060 lanceolato-linoeribm
3687 1971 4048 2075 alterniS,

1789 2103 2308 2215 integerrimis
2370 2114 2613 2194 LINN.
2670 2102 2756 2217 ζ).
2806 2101 2924 2192 CI
2897 2104 3013 2220 ff
3081 2126 3299 2212 403.
3362 2115 3597 2205 ROY.
3630 2115 3766 2217 pr.
3839 2120 4039 2206 154.

1787 2234 2000 2321 Tab·
2067 2230 2311 2320 LIX·
2353 2244 2429 2314 Εἴ
2489 2225 2692 2317 LX.
2768 2233 2934 2343 Fig.
3009 2258 3088 2311 1.

1926 2364 2197 2447 Draco
2258 2356 2504 2445 herba
2566 2370 2797 2448 DOD.
2852 2377 3127 2474 pempt.
3197 2381 3314 2464 70
3324 2386 3413 2463 9.

1923 2484 2436 2579 Dramnculus
2481 2486 2850 2598 pratetfis
2907 2488 3002 2573 B.
3062 2494 3227 2604 pin.
3292 2502 3438 2595 98

1930 2612 2445 2706 Dracunculus
2495 2610 2844 2730 hortensis
2870 2618 3038 2731 stue
3069 2614 3522 2706 Trachmtl.
3558 2612 3654 2700 B.
3700 2643 3785 2722 3.
3841 2628 4041 2719 148.

1916 2746 2386 2835 Abrotanum
2408 2757 2853 2887 procerum,
2919 2749 3202 2853 tenuzff
3195 2774 3310 2834 mo
3341 2747 3470 2834 lini
3504 2743 3742 2864 filia,
3784 2736 4039 2856 flqscu

2046 2872 2148 2958 Iis
2201 2873 2543 2980 exiguis,
2606 2874 2753 2953 vix
2824 2874 2908 2978 s
2879 2881 3083 2988 nap1
3152 2872 3405 2990 semen
3478 2867 4047 3004 sfferamibus,

2056 2997 2324 3105 luteis,
2390 2998 2753 3082 inodorum
2816 3012 3072 3091 MESS.
3128 3017 3373 3093 AMM.
3429 3001 3665 3089 Ruth.
3711 3028 3824 3084 20
3842 3029 3920 3084 1.
3971 3020 4052 3084 et

1917 3126 2395 3222 Abrotanum
2448 3141 2892 3240 procerum,
2954 3127 3088 3213 lim·
3165 3127 3349 3245 solio
3407 3134 3659 3238 tenui„
3732 3124 4049 3244 flosculis

2055 3254 2456 3341 maioribus
2493 3320 2517 3361 ,
2551 3254 2916 3339 inodorum
2947 3272 3206 3350 MEss,
3256 3274 3503 3352 AMM.
3554 3257 3787 3347 Ruth.
3834 3284 3948 3341 20
3961 3284 4045 3340 2.
4174 3264 4190 3281 ·

2159 3376 2231 3500 j.
2298 3382 2598 3471 Eadem
2667 3380 2859 3468 foliis
2953 3387 3342 3498 Vtrimque
3439 3389 3746 3475 incanis.
3840 3388 3922 3472 T
3920 3386 4043 3472 ab.

2416 3509 2601 3597 LX.
2644 3511 2813 3623 Fig.
2877 3537 2963 3600 2.

1541 3638 2064 3754 Vulgatiffima
2125 3637 2316 3727 haec
2381 3666 2518 3750 per
2551 3663 2907 3762 omnem
2975 3635 3332 3742 Sibiriam
3385 3641 3642 3754 planta
3672 3643 3890 3730 facile
3921 3667 4051 3727 an-

1411 3776 1715 3884 tiquum
1783 3794 2118 3856 errorem
2183 3765 2447 3851 refellit
2481 3823 2507 3873 ,
2601 3755 2803 3877 iiuafi
2881 3772 3367 3879 generatione
3465 3773 3797 3882 quadam
3859 3795 4050 3884 vaga

1413 3924 1502 3992 et
1564 3899 1938 3986 artificiali
1997 3918 2171 3981 nata
2233 3895 2434 3979 effet.
2516 3887 2541 3901 '
2561 3895 2831 4005 Populi
2892 3896 3216 3984 Sibiriae
3279 3917 3623 3986 naturam
3723 3919 3991 3988 amant
4020 3965 4048 4009 ,

1414 4055 1562 4122 nec
1623 4028 1760 4113 suis
1819 4026 2201 4113 fraudibus
2244 4025 2396 4109 eius
2456 4022 3103 4137 pulchritudinem
3158 4015 3562 4139 ’deturpare
3625 4030 3951 4116 student.

1551 4156 1636 4241 A
1702 4158 2057 4241 Dracone
2087 4151 2331 4239 herba
2395 4153 2604 4238 nullo
2663 4155 2911 4239 modo
2974 4155 3225 4240 differt
3263 4219 3287 4263 ,
3348 4181 3591 4266 neque
3690 4156 4051 4269 primori·-

1421 4284 1564 4376 bus
1625 4284 1819 4369 foliis
1853 4348 1876 4390 ,
1938 4308 2124 4394 quos
2184 4281 2409 4379 caulis
2469 4283 2730 4394 primo
2822 4306 3002 4367 vere
3065 4284 3353 4367 emittit
3388 4351 3413 4391 ‚
3475 4284 3743 4370 trifidis
3782 4315 3808 4398 ·,
3877 4287 4050 4371 licet

1416 4417 1637 4505 enim
1704 4412 1902 4496 haud
1968 4414 2465 4496 meminerim
2504 4477 2528 4518 ‚
2593 4411 2970 4520 quendam
3037 4412 3562 4498 botanicorum
3625 4416 3724 4499 de
3785 4417 4051 4498 draco-

1396 4543 1576 4650 nis,
1601 4540 1880 4640 herbae
1932 4541 2399 4668 primoribus
2473 4538 2555 4627 so
2563 4537 2673 4638 liis
2764 4538 3033 4638 trifidis
3126 4565 3466 4659 vnquam
3566 4544 4053 4642 mentionem

3745 4667 3989 4763 fenne
4016 4732 4055 4784 ‚
