4378 5721
1091 673 1095 677 -
1348 636 1489 730 Vt
2314 608 2985 749 PRAEFATm

1347 846 1612 984 ‘rum
1691 855 2084 989 referri
2165 859 2620 1025 poffint.
2725 866 3125 1026 Atqui·
3186 860 3664 1001 habetur
3703 868 3965 993 Hie-

1189 1168 1194 1173 ,
1345 1034 2407 1203 raciumpilcfilloides
2426 1035 2881 1199 floribus
2901 1032 3419 1203 flosculofis
3433 1041 3554 1163 V
3535 1042 3728 1163 Al
3728 1045 3965 1166 LL.

1340 1211 1654 1326 cuius
1737 1208 2148 1332 florum
2216 1206 2758 1332 structura
2846 1247 3381 1370 magnam
3486 1207 3961 1332 affinita-

1333 1400 1581 1498 tem
1672 1382 2022 1503 habet
2103 1423 2374 1553 cum
2465 1377 2916 1502 floribus
3007 1380 3962 1545 cynarocephala-

1119 1585 1128 1595 ·
1325 1586 1623 1670 rum.
1732 1557 1856 1680 V
1835 1553 2875 1683 AILLANTIUS
2934 1574 3298 1719 putat
3402 1549 3874 1710 quidem
3915 1646 3957 1699 ,

1321 1718 1773 1844 abunde
1830 1762 1898 1842 a
1977 1723 2926 1889 cynarocephalis
2988 1718 3579 1883 distingui,
3644 1723 3959 1881 quod

1322 1886 1660 2013 flores
1699 1893 2302 2025 buccinam
2348 1891 2849 2018 referant
2913 1890 3138 2017 siue
3221 1893 3745 2063 phylirae
3794 1899 3964 2014 in-

1323 2055 1539 2186 star
1601 2070 2105 2188 contorti
2143 2062 2363 2189 smt
2396 2158 2422 2212 ,
2484 2061 2800 2227 quod
2840 2066 2959 2187 in
3021 2064 3961 2231 cynarocephalis

1324 2274 1925 2398 nunquam
1990 2237 2712 2360 obseruatum
2756 2231 2925 2358 fit.
2973 2237 3199 2361 Sibi
3254 2258 3643 2358 autem
3688 2279 3969 2358 con*

1319 2407 1782 2549 tradicit
1869 2410 2099 2575 ipse
2150 2503 2189 2558 ‚
2300 2436 2589 2542 ‘nam
2689 2433 3012 2531 certe
3124 2408 3615 2573 plurima
3674 2404 3959 2573 pars

1325 2572 2054 2702 flosculorum
2171 2608 2852 2702 coronatum
2937 2577 3342 2703 florem
3455 2575 3957 2702 efficien-
4130 2577 4139 2585 ’

1309 2749 1619 2870 tium
1663 2845 1750 2902 ,ι
1856 2750 2465 2872 buccinam
2593 2745 3139 2868 referunt.
3351 2752 3955 2872 Praeterea

1301 2920 2173 3084 elephantopu5‚
2196 2956 2545 3079 quem
2581 2912 3390 3080 corymbiferis
3427 2923 3952 3041 accenset

1152 3180 1155 3184 ,
1303 3087 1434 3219 V
1411 3089 2172 3217 AILLANT
2171 3087 2440 3216 IUS
2489 3180 2524 3233 ,
2600 3081 3075 3215 flosculis
3140 3083 3305 3223 est
3372 3090 3939 3253 ligulatiS,
4100 3201 4108 3208 .

1304 3256 1875 3387 eiusmodi
1990 3279 2465 3405 tamen',
2572 3265 2764 3420 qui
2857 3293 3127 3379 cum
3201 3252 3670 3380 flosculis
3752 3301 3944 3383 co-

1305 3429 2196 3591 rymbiferarum
2245 3454 2719 3599 propter
2764 3428 3641 3595 amplitudinem
3697 3434 3942 3554 tubi

1301 3600 1857 3723 summam
1906 3600 2248 3726 habet
2288 3597 3137 3765 similitudinem
3177 3692 3215 3746 ,
3260 3623 3385 3721 et·
3432 3607 3658 3720 iam
3683 3604 3930 3723 Cel.

1305 3771 2084 3899 LINNAEO
2146 3795 2777 3894 annotante
2851 3769 3141 3892 haec
3209 3773 3592 3937 planta
3649 3757 3938 3892 Hmi-

1307 3962 1481 4061 tes
1554 3935 2141 4066 flosculofis
2198 3968 2323 4064 et
2385 3929 3241 4066 semiflosculofis
3290 3943 3639 4068 TOU
3645 3944 3929 4069 RN.

1029 4209 1034 4218 ι
1297 4135 1690 4275 negat.
1870 4108 2669 4278 Claffi5,p01·ro
2754 4112 3929 4279 cynarocephalarum

1302 4283 1835 4412 VAILL.
1879 4326 1941 4404 a
1983 4279 3376 4445 classecorymbiferarum
3419 4323 3651 4403 non
3687 4285 3936 4403 {atis

1169 4600 1174 4606 ,
1295 4451 1600 4612 clare
1669 4449 2204 4635 distingui
2283 4452 2585 4626 poste
2655 4453 3118 4652 videtur
3168 4550 3206 4612 ,
3329 4458 3931 4754 inprimi?xi

2694 4678 2701 4686 ·
3619 4666 3774 4799 qu
3977 4775 3984 4784 ⁹
