4378 5721
1187 589 1980 681 AGGREGATAE.
2759 621 2930 699 213

333 821 706 910 teruallum
773 819 1143 906 eiusmodi
1199 823 1442 929 nudi,
1506 819 2012 933 disponuntur.
2145 815 2547 905 Pedunculi
2611 821 2773 907 sunt
2823 841 2934 908 te·
2978 881 2986 890 -

330 974 508 1036 retes
540 1017 562 1057 ,
640 967 891 1034 tenues
926 1018 948 1057 ,
1015 949 1227 1062 saepe
1291 951 1460 1035 fusci
1496 1016 1522 1059 ‚
1606 973 2151 1061 nonnunquam
2248 949 2484 1034 etiam
2577 953 2933 1037 virentes-
3089 951 3095 958 ’

326 1079 800 1165 Inuolucrurn
858 1078 1132 1163 florem
1194 1105 1351 1162 non
1414 1081 1715 1162 excedit
1735 1144 1757 1184 ,
1821 1078 1937 1161 sed
2002 1079 2078 1160 ei
2115 1075 2381 1187 suppar
2429 1080 2561 1164 est.
2632 1079 2932 1167 Floscu·

322 1210 557 1293 lorum
628 1207 1167 1316 marginalium
1235 1212 1552 1319 quinque
1616 1207 1773 1291 sunt
1808 1272 1832 1313 2
1914 1204 2376 1316 quinquefidi
2412 1273 2435 1314 ,
2532 1206 2710 1293 disci
2773 1210 2933 1293 flo-

316 1337 506 1421 sculis
565 1335 827 1445 paullo
894 1337 1214 1420 maiores
1250 1402 1273 1443 ‚
1338 1337 1632 1420 ambitu
1697 1335 1937 1418 veluti
1993 1335 2215 1417 laceri
2297 1353 2375 1418 et
2440 1334 2724 1446 crispi,
2799 1359 2934 1423 ex

317 1463 513 1549 luteo
573 1463 830 1547 albidi.
960 1463 1227 1549 Theca
1291 1463 1590 1548 feminis
1652 1461 1925 1547 hirsuta
1990 1463 2068 1544 in
2131 1462 2493 1573 poculum
2548 1463 2936 1550 membra-

316 1617 632 1676 naceum
708 1592 1030 1702 plicatile
1095 1619 1139 1675 e
1203 1593 1430 1675 viridi
1492 1592 1750 1675 albens
1786 1657 1809 1699 ‚
1869 1591 2130 1674 desinit
2169 1655 2192 1696 ,
2258 1610 2338 1675 et
2398 1594 2718 1704 quinque
2763 1593 2899 1680 lon
2919 1645 2937 1662 ·

316 1720 682 1828 giusculae
748 1720 938 1803 setae
1003 1745 1108 1803 ex
1177 1720 1400 1803 anulo
1437 1788 1460 1829 ,
1527 1720 1826 1804 scmiuis
1899 1719 2422 1805 stunmitatem
2520 1723 2874 1834 cingente
2910 1784 2942 1827 ‚

315 1851 716 1957 prodeunt.
847 1843 1184 1933 Glumae
1247 1850 1529 1933 albidae
1564 1915 1587 1956 ,
1655 1850 1960 1932 lineares
1997 1914 2020 1955 ‚
2103 1849 2692 1934 membranaceo
2760 1849 2936 1934 the-

237 2023 245 2034 ·
312 2000 438 2059 cae
502 1973 963 2059 seminiferae
1031 1977 1313 2086 poculo
1371 2002 1603 2088 aeque
1661 1977 1925 2086 longae
1963 2042 1987 2082 ,
2053 1975 2330 2060 semina
2407 1978 2892 2087 distinguunt.

434 2102 786 2191 Nascitur
845 2128 890 2187 a
954 2103 1165 2191 Iaico
1224 2105 1458 2189 fluuio
1522 2106 1616 2189 ad
1682 2102 2055 2190 Baicalem
2118 2128 2345 2215 vsque
2407 2104 2660 2189 lacum
2701 2169 2726 2209 ‚
2765 2123 2933 2192 tam

303 2232 379 2314 in
438 2235 730 2342 campis
787 2233 1054 2344 apricis
1088 2302 1114 2343 ,
1189 2260 1419 2344 quam
1501 2236 1582 2318 in
1649 2234 1832 2316 locis
1891 2233 2286 2318 montofiS.
2415 2248 2940 2331 GERBERUS

301 2363 546 2445 etiam
609 2362 690 2442 in
752 2364 1046 2472 campis
1111 2362 1382 2474 apricis
1449 2362 1940 2478 Tanaerfibm
2038 2363 2230 2446 cir'ca
2308 2362 2752 2451 Taurouiam
2813 2367 2936 2449 in·-

296 2507 551 2573 vemt.

416 2620 508 2696 6.
580 2608 1115 2705 SCABIOSA
1215 2613 1595 2698 corollulis
1687 2611 2177 2724 quinquefidis
2216 2679 2238 2719 ,
2341 2614 2543 2699 soliis
2629 2615 2873 2727 planis
2902 2682 2942 2727 ‚

675 2743 997 2827 carnofis
1034 2805 1057 2845 ,
1123 2739 1579 2825 inferioribus
1642 2743 1967 2851 pinnatis
2003 2805 2026 2847 ‚
2084 2765 2474 2826 ramorum
2539 2743 2932 2857 integerri-

677 2875 831 2956 mis
865 2935 888 2976 ,
953 2871 1372 2952 linearibus.
1444 2870 1523 2950 T
1524 2872 1636 2951 ab.
1705 2866 2234 2953 LXXXVII.

802 2988 1148 3107 Scabiosa
1177 2992 1582 3080 ochroleuco
1589 2998 1797 3109 flore
1825 3011 2101 3093 CLUS
2127 3011 2409 3091 GERB.
2465 3001 2659 3086 Tan.
2712 3026 2760 3079 2
2780 3014 2928 3088 80.

809 3116 1157 3233 Scabiqsa
1214 3125 1579 3209 Talarica
1613 3127 1825 3236 flore
1874 3121 2280 3211 ochroleuco
2312 3124 2560 3246 ,folio
2618 3134 2933 3218 tenuiter

934 3253 1281 3339 laciniam
1337 3247 1567 3364 craffo
1626 3261 1910 3340 GERB.
1966 3251 2051 3336 H
2049 3267 2191 3337 ort
2233 3257 2424 3368 szcc.

421 3330 686 3480 Radix
742 3391 824 3467 et
874 3382 1151 3466 infima
1221 3380 1442 3464 caulis
1536 3404 1702 3491 pars
1797 3400 2239 3488 perennant.
2368 3376 2634 3470 Caules
2695 3385 2936 3498 patuli

292 3513 936 3629 sesquicubitales,
1003 3508 1236 3621 glabri
1296 3509 1796 3620 plerumque,
1863 3532 2406 3620 nonnunquam
2435 3509 2766 3624 lurffiti,
2806 3542 2933 3601 ra-
3092 3592 3102 3601 .

296 3647 491 3730 mosi
529 3711 559 3754 ,
629 3659 898 3729 teretes
927 3707 950 3748 ‚
1016 3638 1289 3752 pallide
1356 3638 1625 3723 virides
1658 3702 1681 3743 ‚
1746 3652 1827 3717 et
1887 3631 2409 3725 fiunmitatem
2506 3642 2752 3727 versus
2800 3668 2924 3728 ru-

291 3772 579 3859 bentes.

414 3904 644 3989 Folia
703 3899 1047 3986 radicalia
1108 3898 1412 4007 pinnata
1451 3962 1480 4005 ,
1536 3894 1791 4005 pinnis
1838 3891 2144 4005 angusta
2206 3893 2478 3978 lacinia
2537 3896 2926 3985 confluen-

296 4028 482 4114 tibus
519 4097 544 4138 ,
624 4030 900 4114 obtufis
918 4095 940 4135 ,
1010 4026 1326 4109 carnofis
1362 4091 1386 4134 ,
1450 4023 1741 4110 infimis
1788 4023 2252 4134 fimplicibus
2303 4044 2384 4107 et
2413 4024 2716 4135 reliquis
2745 4030 2926 4114 bre-

293 4159 634 4244 vioribus
669 4225 693 4264 ‚
759 4157 1028 4242 medlis
1090 4172 1179 4237 et
1224 4153 1545 4241 summis
1598 4150 1813 4262 ffipra
1867 4151 1995 4236 vel
2058 4175 2166 4237 ex
2221 4177 2388 4237 vno
2452 4152 2682 4240 latere
2729 4158 2924 4241 duo-

296 4284 422 4370 bus
504 4289 835 4370 tribusne
933 4282 1272 4368 dentibus
1369 4281 1793 4384 instructiS,
1860 4299 1987 4364 aut
2046 4284 2126 4366 in
2189 4300 2556 4365 extremo
2648 4284 2924 4369 trifidis

296 4413 415 4496 vel
470 4412 1004 4526 quinquefidi's..
1129 4411 1345 4496 Folia
1408 4412 1694 4496 caulina
1756 4407 2104 4496 inferiora
2164 4409 2600 4493 radicalibus
2654 4410 2926 4498 fimilia

291 4533 445 4625 sunt
478 4608 509 4651 ,
570 4541 694 4628 led
757 4542 1015 4653 pinnis
1067 4540 1418 4626 omnibus
1478 4535 2034 4647 fimpliciffimis
2071 4601 2097 4648 ,
2160 4537 2662 4651 integerrimis
2689 4607 2720 4649 ,
2751 4539 2919 4651 ple-

1425 4663 1515 4753 D
1546 4668 1599 4753 d
1641 4686 1695 4764 3
2086 4704 2091 4709 ·
2595 4690 2923 4780 rumque
