4378 5721
1398 585 1580 664 ιω.
2000 567 2157 678 Ψ.
2224 565 2787 661 FLOfflBVS
2853 558 3480 694 RADIAT1323

1402 800 1718 914 oblongi
1784 798 1943 887 sunt
1980 869 2004 912 ,
2087 801 2244 887 laxi
2280 867 2306 910 ,
2370 801 2734 914 squamosi
2753 867 2778 910 ‚
2835 798 3182 912 [squamis
3238 798 3518 885 obtusis
3552 863 3576 908 ‚
3676 801 3914 912 apice.
3956 827 4063 888 re,
4137 833 4144 844 ·

1406 930 1837 1016 cedentibus
1871 998 1896 1038 ,
1963 933 2412 1018 rubentibus.
2549 933 2778 1019 Radii
2843 929 3125 1015 flosculi
3190 932 3403 1040 apice
3466 928 3846 1042 fimplices
3878 939 4064 1021 acuti

1398 1059 1589 1146 sunt.
1726 1060 1867 1144 Pili
1928 1087 2259 1146 coronae
2319 1061 2692 1170 seminum
2758 1059 3143 1171 aliquanto
3205 1062 3288 1142 in
3353 1059 3642 1170 giluum
3723 1080 4057 1168 vergunt.

1539 1188 1732 1273 Icon
1800 1190 1875 1272 in
1911 1192 2222 1275 floribus
2282 1189 2812 1300 exprimendis
2872 1207 3163 1299 peccat.
3289 1188 3626 1283 Plurima
3708 1193 3878 1299 pars
3911 1191 4069 1274 cali-

1406 1344 1586 1401 cum
1652 1319 1884 1402 nimis
1948 1319 2211 1429 ampla
2275 1319 2700 1404 exhibetur.
2832 1314 3332 1402 Semiflosculi
3392 1335 3652 1403 autem
3710 1343 3892 1400 cum
3942 1344 4066 1402 ex-

1406 1466 1672 1529 tremo
1736 1450 1932 1532 acuti
1994 1447 2136 1533 smt
2174 1513 2200 1556 ,
2265 1448 2513 1558 quoad
2576 1472 2729 1557 ego
2788 1444 3194 1532 discernere
3252 1447 3473 1532 valeo
3508 1512 3535 1556 ,
3597 1469 3762 1532 non
3793 1445 4057 1536 debuis-

1405 1572 1569 1670 sent
1634 1574 1901 1664 obtuso
1968 1575 2124 1662 fine
2189 1575 2743 1688 repraesentari.

1374 1799 1393 1802 4
1490 1693 1507 1696 ’
1552 1730 1755 1807 149.
1811 1703 2189 1793 ASTER
2259 1706 2456 1790 {blus
2521 1702 3414 1790 lanceolam-linearibus
3444 1769 3469 1812 ,
3535 1703 3804 1787 medio
3863 1702 4068 1791 serra-

1799 1837 1963 1938 ti5‚·
2029 1835 2465 1945 pedunculis
2522 1829 2793 1919 folioss's
2828 1899 2853 1942 ,
2921 1836 3129 1916 caule
3187 1830 3554 1940 ramoso,-
3635 1832 3888 1946 radice
3952 1817 4070 1944 pe·

1799 1965 2018 2049 renni
2080 1981 2332 2060 LINN.
2390 1962 2472 2052 h.
2515 1960 2723 2077 Cliffi
2800 1975 3009 2066 408.
3079 1974 3315 2053 ROY.
3365 1976 3490 2076 pr.
3602 1966 3806 2063 167.
3880 1963 4063 2048 Tab.

1790 2093 2022 2178 nostr.
2094 2089 2573 2178 LXXVIII.
2649 2092 2817 2203 Fig.
2893 2118 2974 2173 2.

1925 2222 2159 2337 Aster
2254 2222 2340 2306 V
2335 2224 2738 2331 irginianus
2809 2211 3177 2332 serotinus
3270 2233 3508 2335 paruo
3589 2216 3877 2307 albente
3884 2220 4070 2335 flore

1752 2347 1759 2350 ⁷
2052 2363 2414 2444 BOERH.
2472 2349 2753 2459 Lugdb.
2836 2375 2912 2429 1.
2988 2375 3045 2451 9
3061 2370 3142 2449 5.

1370 2473 1380 2481 ’
1541 2481 1805 2598 Radix
1856 2478 2343 2590 aliquousque
2405 2481 2611 2588 repit
2646 2545 2673 2587 ,
2734 2497 2812 2562 et
2877 2477 3142 2564 multis
3198 2476 3658 2566 craffiusculis
3731 2478 3920 2565 albis
3977 2481 4076 2565 ri-

1414 2612 1750 2725 gidisque
1812 2610 2022 2694 fibris
2083 2608 2298 2692 auita
2363 2608 2492 2692 est.

1542 2737 1797 2826 Caulis
1858 2738 2305 2850 sesquiulnae
2366 2737 2756 2821 altitudine
2787 2796 2817 2844 ,
2886 2734 3131 2838 rectus
3164 2798 3188 2842 ,
3270 2734 3594 2858 firmus,
3693 2761 3917 2822 cauus
3975 2756 4076 2819 ta-

1422 2896 1600 2956 men
1640 2936 1665 2976 ,
1732 2892 2012 2978 cygnea
2077 2891 2323 2975 penna
2383 2863 2681 2947 craffior
2717 2928 2742 2971 ,
2805 2863 3184 2973 superiora
3217 2864 3468 2949 versus
3498 2864 3807 2951 sulcatus
3846 2933 3871 2973 ,
3929 2891 4076 2950 non

1412 2999 1882 3083 admodum·
1913 2996 2159 3101 longis
2194 3057 2217 3098 ‚
2284 2989 2696 3076 albentibus
2725 3058 2755 3100 ‚
2810 2992 3038 3075 rarius
3096 2990 3467 3105 d1sposrtis
3492 3061 3517 3103 ,
3561 3040 3566 3047 ·
3622 2994 4081 3107 rigidiustulis

1425 3123 1605 3237 pilis
1665 3122 1974 3207 hirsutus
2034 3122 2192 3211 est„

1553 3252 1767 3337 Folia
1829 3251 2165 3360 oblonge
2230 3249 2556 3361 elliptica
2596 3314 2618 3355 ,
2684 3248 3023 3333 inferiora
3080 3250 3444 3362 petiolata
3483 3318 3508 3358 ,
3574 3251 3955 3365 superiora
4002 3269 4084 3333 vt

1423 3399 1504 3467 et
1568 3381 1920 3493 pleraque
1983 3406 2379 3464 ramorum
2475 3377 2728 3461 seffilia
2763 3444 2786 3485 ,
2889 3382 3278 3491 Vtrimque
3333 3380 3531 3497 laete
3571 3406 3642 3463 *e
3699 3382 3914 3465 luteo
3974 3380 4085 3463 vi·

1424 3512 1726 3619 tentia,
1789 3513 1963 3595 raris
2041 3512 2274 3618 iisque
2371 3509 2779 3592 iacentibus
2811 3505 2979 3617 pilis
3042 3506 3318 3599 hirsuta
3358 3574 3381 3615 ,
3415 3527 3492 3591 et
3557 3509 3732 3594 hinc
3768 3511 3869 3593 ad
3936 3534 4086 3594 oras

1429 3636 1666 3723 veluti
1727 3639 1980 3723 ciliata
2019 3703 2043 3744 ‚
2110 3635 2460 3725 inferiora
2524 3637 2751 3735 rarius
2807 3637 3167 3752 dentata,
3267 3637 3612 3748 pleraque
3692 3640 3940 3725 etiam
3997 3663 4091 3722 ex

1417 3766 1909 3879 superioribus
1970 3789 2139 3850 vno
2208 3764 2593 3874 alteroque
2653 3765 2879 3848 dente
2939 3765 3157 3849 incita
3195 3830 3218 3871 ,
3253 3765 3504 3877 multa
3537 3767 3832 3878 integra
3868 3827 3894 3872 ‚
3937 3768 4095 3881 api-

1406 3923 1519 3983 ssce
1621 3898 2091 4011 superiorum
2195 3894 2549 3980 omnium
2685 3892 3110 3981 acutiffimo
3144 3959 3171 4003 ,
3300 3919 3701 3991 ramorum
3840 3897 4099 3984 leuiter

1436 4024 1731 4110 obtuso.
3793 4100 3802 4107 .

1557 4150 1798 4243 Rami
1858 4150 1952 4236 ab
2016 4154 2180 4238 imo
2247 4151 2341 4239 ad
2410 4148 2799 4239 summum
2904 4170 3247 4259 exeunt,
3346 4172 3430 4237 et
3493 4151 3777 4241 horum
3845 4152 4106 4241 infimi

1326 4301 1331 4305 ’
1427 4282 1837 4395 longiffimi
1899 4278 2122 4389 sunt,
2188 4308 2335 4394 pro
2395 4282 2688 4366 ratione
2752 4283 2922 4391 fitus
2979 4284 3265 4368 altioris
3299 4282 3743 4370 humiliores
3773 4349 3798 4392 ,
3837 4285 4110 4369 omni·

1432 4440 1575 4498 vm
1641 4431 1897 4496 autem
1966 4429 2316 4505 extrema
2377 4410 2457 4492 in
2523 4411 2802 4515 eodem
2869 4415 3166 4496 circiter
3238 4414 3471 4522 plano
3505 4478 3528 4519 ,
3626 4440 3857 4526 quam
3971 4436 4114 4529 ex-

1430 4561 1769 4629 tremum
1824 4540 2060 4631 ,caulis
2093 4607 2118 4651 2
2181 4538 2689 4655 disponuntur.
2820 4542 2979 4659 Qui
3038 4566 3084 4624 e
3150 4537 3513 4656 supremis
3576 4542 3953 4628 foliorum
3991 4540 4124 4625 alis

3752 4688 4054 4760 exeunt
4089 4725 4122 4777 ,
