4378 5721
1167 604 1303 702 11.
1373 602 2027 701 CAPITATAE.
2822 630 2949 720 45

693 835 786 926 lis
840 837 1276 928 instrionnn
1338 839 1657 929 dentatis
1673 901 1699 949 ,
1766 834 2085 950 sqmmis
2144 856 2248 923 ex
2311 830 2741 924 lanceolam
2806 834 2952 955 spi·

695 970 889 1055 nofis
920 1034 947 1085 ‚
1007 967 1359 1081 appreffis
1414 970 1612 1054 Tab.
1689 964 1969 1091 prvu.
2089 1076 2113 1101 0

438 1152 699 1245 Caulis
759 1158 1065 1270 plantae
1127 1161 1516 1250 hortensis·
1545 1161 1637 1248 ad
1699 1162 1890 1247 duos
1968 1178 2050 1246 et
2109 1176 2260 1245 tres
2357 1159 2644 1247 cubitos
2703 1156 2889 1246 altus
2920 1225 2948 1269 ,

303 1285 685 1399 profimde
750 1284 1031 1373 striatus
1067 1355 1091 1399 ,
1150 1292 1443 1376 erectus
1475 1355 1502 1400 ,
1563 1288 1898 1375 medulla
1961 1286 2423 1399 compreffili
2481 1284 2751 1373 firfius
2791 1353 2815 1397 ,
2862 1289 2946 1374 in

309 1434 567 1504 ramos
660 1414 945 1527 aliquot
979 1481 1005 1524 ‚
1107 1419 1561 1505 dodrantem
1639 1434 1723 1502 et
1773 1416 2054 1530 pedem
2119 1432 2203 1500 et
2264 1416 2516 1503 minus
2610 1415 2886 1526 longos
2919 1481 2947 1525 ,

307 1542 675 1628 vnifloros
709 1610 735 1652 ‚
798 1543 1091 1629 diuisus,
1223 1547 1442 1634 Folia
1505 1547 1762 1632 crebra
1823 1549 1903 1631 in
1934 1542 2257 1628 caulibus
2292 1610 2317 1654 ,
2379 1544 2461 1628 in
2496 1545 2727 1628 ramis
2759 1568 2950 1653 pau·

303 1673 510 1754 ciora
554 1735 579 1779 ,
639 1673 1026 1782 vtrimque
1089 1675 1350 1760 viridia
1387 1742 1411 1786 ‚
1491 1666 1940 1759 firmiuscula
1977 1736 2003 1779 ,
2095 1671 2538 1783 pinnatifida
2573 1736 2599 1779 ,
2697 1672 2946 1782 pinnis

301 1795 596 1909 stptem
665 1817 793 1883 aut
846 1800 1046 1886 osto
1109 1799 1263 1888 lete
1329 1805 1421 1890 ad
1487 1799 1746 1887 rachin
1811 1823 2043 1912 vsque
2079 1795 2349 1914 diuifi3
2419 1801 2693 1886 Pinnae
2724 1794 2946 1882 iblio-

300 1951 472 2013 rum
541 1925 995 2012 infimorum
1061 1934 1261 2016 varie
1319 1932 1666 2017 dentatae
1726 1927 1890 2012 sunt
1931 1993 1956 2035 ,
2013 1944 2091 2011 et
2149 1932 2402 2037 apices
2460 1947 2628 2011 tam
2712 1922 2945 2009 iblio-

298 2055 552 2139 lorum
618 2079 848 2166 quam
913 2055 1257 2144 dentium
1299 2120 1324 2161 ‚
1393 2061 1519 2170 qui
1582 2057 1920 2168 tangenti
1977 2052 2211 2166 asperi
2275 2054 2425 2141 effe
2517 2053 2876 2140 videntur
2912 2115 2940 2159 ,

296 2182 599 2267 candidi
660 2201 739 2267 et
799 2181 1090 2268 exsucci
1107 2254 1132 2296 ,
1192 2183 1660 2298 superiorum
1699 2208 1892 2269 vero
1926 2185 2204 2294 pinnae
2236 2183 2566 2294 integrae
2600 2178 2762 2263 sunt
2798 2243 2821 2285 ‚
2860 2196 2942 2262 et

292 2311 769 2421 paucioribus
829 2315 1483 2425 coniugationibus
1543 2312 1913 2397 conflatae
1948 2375 1974 2418 ,
2042 2313 2276 2420 pinna
2341 2331 2684 2394 extrema
2764 2303 2945 2389 reli·

295 2440 461 2553 quis
531 2441 847 2522 maiore.
979 2443 1187 2526 Tam
1255 2442 1484 2528 caulis
1545 2464 1779 2552 quam
1848 2436 2047 2522 rami
2110 2440 2548 2549 plerumque
2586 2458 2724 2546 per
2776 2433 2946 2517 lon-

287 2562 712 2680 giustulum
749 2561 1071 2672 spatium
1105 2570 1326 2671 nudi,
1359 2583 1490 2647 aut
1520 2567 1729 2647 nullo
1760 2565 2158 2645 interiee‘to
2186 2563 2467 2670 spatio,
2504 2583 2628 2647 aut
2660 2562 2939 2644 distau-

287 2698 394 2778 tia
462 2713 625 2775 non
688 2712 974 2799 magna
1047 2686 1235 2775 infra
1312 2690 1595 2775 florem
1634 2751 1661 2796 ,
1762 2687 2032 2770 folium
2097 2710 2467 2799 promunt
2501 2755 2525 2796 ‚
2629 2688 2941 2799 reliquis

292 2816 877 2908 multominus
916 2882 939 2924 ‚
1041 2836 1578 2930 nonnunquam
1676 2813 2056 2927 integrum
2098 2880 2124 2925 ,
2226 2838 2355 2902 aut
2430 2818 2683 2930 paucis
2715 2881 2742 2926 ,
2806 2837 2957 2902 aut·

293 2953 533 3036 etiam
598 2942 929 3056 pluribus
985 2943 1262 3030 laciniis
1320 2943 1673 3031 diuisum.

429 3133 877 3250 Capitulum
941 3131 1353 3248 speciosum
1417 3129 1633 3247 fiepe
1692 3135 2114 3252 oblongum
2179 3156 2261 3224 et
2325 3136 2636 3247 minue,
2671 3137 2932 3227 flostu·

291 3267 384 3354 lis
443 3269 840 3378 purpureis
872 3333 897 3375 ,
958 3260 1111 3351 fere
1175 3264 1629 3375 regularibus
1661 3327 1688 3373 ,
1751 3283 2237 3379 aggregatum
2277 3327 2302 3374 ,
2378 3267 2510 3379 qui
2575 3270 2939 3376 embryo-

290 3396 517 3481 nibus
576 3394 918 3504 oblongis
978 3410 1061 3477 et
1123 3388 1384 3477 striatis
1444 3391 1781 3478 insistunt
1821 3460 1845 3503 ,
1945 3392 2119 3504 pilis
2179 3394 2393 3501 giluis
2486 3399 2864 3482 coronatis
2904 3449 2933 3507 ,

291 3543 377 3608 et
441 3521 942 3633 receptando,
1007 3516 1262 3605 infixis
1293 3584 1320 3629 ,
1415 3522 1621 3629 quod
1688 3521 1857 3631 pilis
1918 3513 2313 3608 latiustulis
2409 3517 2724 3608 §lustum
2786 3524 2923 3611 est.

292 3647 672 3761 Squamae
733 3649 979 3733 calicis
1042 3647 1434 3759 pleraeque
1496 3644 1700 3732 arcte
1763 3647 2139 3760 appressae
2176 3707 2201 3753 ,
2263 3664 2706 3734 extremum
2756 3677 2929 3736 ver·

291 3776 407 3864 sus
469 3777 745 3863 striatae
804 3794 887 3859 et
946 3769 1246 3860 laturius
1303 3775 1576 3860 virides
1610 3841 1636 3884 ‚
1697 3855 1702 3860 .
1742 3778 1829 3861 in
1893 3770 2258 3887 spinulam
2322 3774 2641 3858 breuem
2738 3777 2929 3861 defi·

294 3926 510 3993 nunt.

422 4032 515 4117 Iu
575 4029 803 4117 horto
865 4027 1342 4117 Academico
1405 4051 1509 4115 ex
1571 4024 1970 4120 scminibus
2030 4023 2226 4116 forte
2287 4040 2927 4130 GERBEmAle

295 4180 602 4246 enatum
664 4158 771 4244 est
807 4228 831 4268 ,
890 4162 987 4243 cle
1052 4182 1206 4271 quo
1264 4177 1477 4242 certo
1542 4184 1698 4244 non
1758 4159 2075 4248 constat.

420 4288 609 4374 Icon
678 4312 981 4372 ramum
1082 4285 1496 4372 florentem
1561 4305 1642 4371 et
1703 4311 1945 4377 vnum
2050 4281 2317 4372 {hlium
2384 4308 2521 4386 ex,
2556 4287 2925 4374 inferiori-

292 4417 424 4503 bus
480 4415 685 4501 srstit.
754 4441 826 4498 a.
893 4412 1192 4526 sqmma
1250 4411 1495 4499 calicis
1555 4437 1657 4500 ex
1721 4414 2012 4505 infimis
2044 4482 2071 4529 ,
2131 4412 2210 4501 b.
2283 4412 2585 4528 sqmma
2675 4413 2925 4505 culicis

287 4568 396 4646 ex
453 4542 791 4650 summis.
827 4569 931 4648 ς.
983 4540 1357 4644 flosculus.
1426 4543 1505 4630 d.
1576 4537 1855 4632 lemen.
2936 4587 2949 4606 ‚

1486 4669 1555 4760 F
1617 4689 1672 4775 ³
2305 4667 2319 4676 '
2446 4659 2603 4781 29·
2647 4662 2912 4764 CAR*
