4378 5721
1173 665 1183 672 .
1293 580 1432 683 IV
2269 575 2933 673 PRAEFATIO

1310 796 1523 924 {int
1560 796 2072 925 difficiles
2153 826 2281 924 et
2338 807 2926 926 intricatae
2967 898 3010 952 ,
3074 824 3217 923 vt
3278 800 3355 924 fi
3420 839 3851 967 genera
3890 895 3935 949 ,

1278 988 1612 1133 'quae
1706 975 2704 1143 comprehendunt
2735 1069 2775 1121 ,
2878 974 3426 1100 exactiori
3506 1015 3844 1094 exam
3858 980 3939 1095 i-

1308 1151 1432 1266 ni
1492 1169 1889 1270 natura
1968 1147 2267 1269 duce
2347 1149 3066 1270 subiiciantur
3105 1240 3145 1291 ,
3196 1148 3604 1267 -multa
3653 1148 3761 1261 in
3811 1148 3945 1263 iis

1306 1310 1802 1439 deficere
1844 1317 2528 1467 videantur,
2611 1359 2905 1479 quae
2956 1316 3100 1439 ad
3142 1318 3329 1436 illa
3378 1316 3603 1438 rite
3659 1310 3938 1436 defi-

1319 1483 1736 1632 nienda
1781 1514 1909 1609 et
1967 1488 2112 1653 ad
2175 1490 2843 1612 discriminis
2950 1513 3278 1611 notas
3352 1483 3941 1654 ponendas

1312 1658 1856 1825 spefitant.
2024 1663 2455 1782 Saltem
2501 1668 3076 1785 rationem
3162 1657 3653 1833 reddere
3732 1655 3940 1779 de·

1311 1832 1534 1953 beo
1574 1837 2000 1997 proprii
2051 1833 2488 1954 laboris,

1404 2005 1816 2126 Tam
1782 2046 1896 2122 m
1941 2001 2599 2171 compositis
2630 1999 3162 2164 quidem,
3202 2040 3546 2163 quam
3591 2005 3707 2121 in
3747 2038 3950 2164 ag·-

1304 2179 1810 2338 gregatis
1890 2176 2503 2297 Botanicus
2589 2173 3087 2295 summus
3137 2175 3941 2300 VAILLAN-
3972 2185 3976 2194 '
4068 2252 4081 2265 -

1307 2345 1687 2473 TIUS
1774 2370 2094 2467 tanta
2177 2344 2829 2508 praestitit„
2891 2369 3029 2465 vt
3088 2349 3934 2466 accurationem

1268 2520 1551 2636 eius
1606 2520 1725 2635 in
1786 2516 2297 2679 legendis
2355 2540 2822 2686 naturae
2863 2512 3359 2681 vestigiis
3396 2521 3603 2636 vix
3638 2515 3944 2634 vllus

1300 2684 1897 2810 desideret.
1922 2690 2347 2808 Saltem
2383 2689 2693 2807 haec
2689 2688 3133 2806 eximio
3163 2692 3423 2829 viro
3442 2664 3967 2807 debetur*⁴
4156 2742 4157 2745 ‘

1305 2858 1536 2978 laus
1553 2895 2196 3013 ‚nunquam
2239 2857 3094 2975 intermoritura
3107 2826 3489 3013 ‚quod
3532 2853 3725 2976 ille
3772 2857 3943 2976 ni-

1304 3026 1463 3148 hil
1532 3023 1772 3147 fere
1839 3026 2339 3146 omiserit
2389 3020 3291 3146 consideratione
3331 3022 3820 3190 dignum
3887 3117 3932 3171 ,

1300 3196 1622 3361 quod
1702 3195 2521 3320 charaete'ribus
2598 3197 2809 3317 suis
2873 3193 3548 3319 facilioribus
3595 3221 3722 3319 et
3760 3238 3941 3318 1n-

1303 3368 2238 3534 telligibilioribus
2360 3362 2975 3490 reddendis
3053 3371 3593 3566 aliquam.
3675 3406 3939 3533 par-

1304 3567 1556 3663 tem
1650 3540 2179 3661 conferre
2277 3537 2672 3705 pollet.
2822 3541 2988 3661 Et
3067 3546 3319 3699 quis
3433 3538 3939 3700 denique

1305 3716 1574 3834 alius
1618 3711 2472 3836 chara&erum
2439 3754 2556 3831 111
2602 3714 3019 3877 plantis
3058 3711 3330 3831 vsus
3356 3707 3518 3833 est
3522 3748 3933 3870 ,quam

1303 3910 1446 4008 vt
1551 3882 2108 4006 discentes
2228 3889 2757 4005 omnium
2840 3876 3455 4004 facillima·
3493 3885 3683 4003 via
3780 3876 3933 4004 ad

1307 4061 2109 4218 cognitionem
2147 4056 2788 4223 plantarum
2837 4045 3935 4218 peruenirepossint²

1305 4233 1620 4350 Cum
1708 4228 2350 4422 plantarum
2438 4264 2975 4347 numerus
3032 4228 3165 4343 in
3215 4247 3677 4344 tantum
3726 4263 3932 4342 ex-

1230 4525 1237 4531 .
1307 4403 1889 4548 creuerit,
1954 4421 2094 4521 vt
2177 4393 2411 4523 fine
2489 4378 2892 4521 ordine
2957 4418 3085 4522 et
3184 4390 3413 4520 fine
3513 4388 3934 4518 doetri-

1683 4641 1690 4652 ·
3783 4597 3933 4684 na
