<?xml version="1.0" encoding="UTF-8"?>
<!DOCTYPE html PUBLIC "-//W3C//DTD XHTML 1.0 Transitional//EN"
    "http://www.w3.org/TR/xhtml1/DTD/xhtml1-transitional.dtd">
<html xmlns="http://www.w3.org/1999/xhtml" xml:lang="en" lang="en">
 <head>
  <title>
</title>
<meta http-equiv="Content-Type" content="text/html;charset=utf-8" />
  <meta name='ocr-system' content='tesseract 3.04.00' />
  <meta name='ocr-capabilities' content='ocr_page ocr_carea ocr_par ocr_line ocrx_word'/>
</head>
<body>
  <div class='ocr_page' id='page_1' title='image "./florasibiricasi00gmelgoog_0207.png"; bbox 0 0 4378 5721; ppageno 0'>
   <div class='ocr_carea' id='block_1_1' title="bbox 919 586 2970 701">
    <p class='ocr_par' dir='ltr' id='par_1_1' title="bbox 919 586 2970 701">
     <span class='ocr_line' id='line_1_1' title="bbox 919 586 2970 701; baseline -0.002 -16"><span class='ocrx_word' id='word_1_1' title='bbox 919 596 1048 685; x_wconf 83' lang='lat' dir='ltr'>IV</span> <span class='ocrx_word' id='word_1_2' title='bbox 1046 641 1089 692; x_wconf 64' lang='grc' dir='ltr'><strong><em>ο</em></strong></span> <span class='ocrx_word' id='word_1_3' title='bbox 1138 594 1214 683; x_wconf 87' lang='lat' dir='ltr'>F</span> <span class='ocrx_word' id='word_1_4' title='bbox 1214 591 1637 684; x_wconf 79' lang='lat' dir='ltr'><em>LORIBV</em></span> <span class='ocrx_word' id='word_1_5' title='bbox 1640 588 1711 684; x_wconf 86' lang='lat' dir='ltr'>S</span> <span class='ocrx_word' id='word_1_6' title='bbox 1783 586 2360 685; x_wconf 83' lang='lat' dir='ltr'><strong><em>RADIATIS.</em></strong></span> <span class='ocrx_word' id='word_1_7' title='bbox 2794 621 2835 680; x_wconf 87' lang='lat'>1</span> <span class='ocrx_word' id='word_1_8' title='bbox 2851 614 2970 701; x_wconf 83' lang='lat'>77</span> 
     </span>
    </p>
   </div>
   <div class='ocr_carea' id='block_1_2' title="bbox 236 822 3016 2734">
    <p class='ocr_par' dir='ltr' id='par_1_2' title="bbox 236 822 3016 2470">
     <span class='ocr_line' id='line_1_2' title="bbox 348 822 2977 938; baseline -0.003 -23"><span class='ocrx_word' id='word_1_9' title='bbox 348 824 807 918; x_wconf 75' lang='lat' dir='ltr'>subtififfimis</span> <span class='ocrx_word' id='word_1_10' title='bbox 867 822 1352 915; x_wconf 80' lang='lat' dir='ltr'>flosculorum</span> <span class='ocrx_word' id='word_1_11' title='bbox 1420 825 1881 938; x_wconf 86' lang='lat' dir='ltr'>longitudine</span> <span class='ocrx_word' id='word_1_12' title='bbox 1917 892 1941 933; x_wconf 82' lang='lat'>,</span> <span class='ocrx_word' id='word_1_13' title='bbox 2007 824 2296 911; x_wconf 73' lang='lat' dir='ltr'>vestitis</span> <span class='ocrx_word' id='word_1_14' title='bbox 2325 891 2352 934; x_wconf 89' lang='lat'>‚</span> <span class='ocrx_word' id='word_1_15' title='bbox 2418 847 2744 936; x_wconf 89' lang='lat' dir='ltr'>quorum</span> <span class='ocrx_word' id='word_1_16' title='bbox 2780 823 2977 910; x_wconf 85' lang='lat' dir='ltr'>sedes</span> 
     </span>
     <span class='ocr_line' id='line_1_3' title="bbox 236 950 2976 1066; baseline -0.002 -22"><span class='ocrx_word' id='word_1_17' title='bbox 236 1001 243 1010; x_wconf 94' lang='lat'><strong>·</strong></span> <span class='ocrx_word' id='word_1_18' title='bbox 346 957 422 1044; x_wconf 85' lang='lat' dir='ltr'>in</span> <span class='ocrx_word' id='word_1_19' title='bbox 484 955 826 1040; x_wconf 80' lang='lat' dir='ltr'>thalamo</span> <span class='ocrx_word' id='word_1_20' title='bbox 889 954 1099 1038; x_wconf 85' lang='lat' dir='ltr'>nudo</span> <span class='ocrx_word' id='word_1_21' title='bbox 1160 953 1395 1065; x_wconf 87' lang='lat' dir='ltr'>plano</span> <span class='ocrx_word' id='word_1_22' title='bbox 1459 975 1541 1038; x_wconf 90' lang='lat' dir='ltr'>et</span> <span class='ocrx_word' id='word_1_23' title='bbox 1608 953 1975 1066; x_wconf 57' lang='lat' dir='ltr'>punctam</span> <span class='ocrx_word' id='word_1_24' title='bbox 2034 953 2168 1038; x_wconf 85' lang='lat' dir='ltr'>est.</span> <span class='ocrx_word' id='word_1_25' title='bbox 2304 950 2530 1038; x_wconf 83' lang='lat' dir='ltr'>Stilus</span> <span class='ocrx_word' id='word_1_26' title='bbox 2593 951 2976 1038; x_wconf 85' lang='lat' dir='ltr'>filiformis</span> 
     </span>
     <span class='ocr_line' id='line_1_4' title="bbox 339 1082 2972 1195; baseline -0.002 -26"><span class='ocrx_word' id='word_1_27' title='bbox 339 1083 438 1169; x_wconf 83' lang='lat' dir='ltr'>est</span> <span class='ocrx_word' id='word_1_28' title='bbox 467 1150 491 1189; x_wconf 88' lang='lat'>,</span> <span class='ocrx_word' id='word_1_29' title='bbox 553 1084 838 1168; x_wconf 64' lang='lat' dir='ltr'>erectus</span> <span class='ocrx_word' id='word_1_30' title='bbox 876 1149 898 1189; x_wconf 89' lang='lat'>‚</span> <span class='ocrx_word' id='word_1_31' title='bbox 966 1082 1375 1166; x_wconf 83' lang='lat' dir='ltr'>staminum</span> <span class='ocrx_word' id='word_1_32' title='bbox 1446 1084 1916 1195; x_wconf 80' lang='lat' dir='ltr'>longitudine</span> <span class='ocrx_word' id='word_1_33' title='bbox 1979 1098 2060 1164; x_wconf 94' lang='lat' dir='ltr'>et</span> <span class='ocrx_word' id='word_1_34' title='bbox 2125 1083 2482 1194; x_wconf 86' lang='lat' dir='ltr'>stigmate</span> <span class='ocrx_word' id='word_1_35' title='bbox 2541 1082 2911 1193; x_wconf 90' lang='lat' dir='ltr'>bipartito</span> <span class='ocrx_word' id='word_1_36' title='bbox 2949 1147 2972 1188; x_wconf 88' lang='lat'>,</span> 
     </span>
     <span class='ocr_line' id='line_1_5' title="bbox 334 1207 2974 1319; baseline 0 -23"><span class='ocrx_word' id='word_1_37' title='bbox 334 1215 530 1296; x_wconf 89' lang='lat' dir='ltr'>cuius</span> <span class='ocrx_word' id='word_1_38' title='bbox 591 1211 904 1295; x_wconf 81' lang='lat' dir='ltr'>laciniae</span> <span class='ocrx_word' id='word_1_39' title='bbox 963 1211 1450 1295; x_wconf 88' lang='lat' dir='ltr'>reuoluuntur</span> <span class='ocrx_word' id='word_1_40' title='bbox 1605 1207 1830 1297; x_wconf 87' lang='lat' dir='ltr'>Calix</span> <span class='ocrx_word' id='word_1_41' title='bbox 1898 1209 2161 1295; x_wconf 82' lang='lat' dir='ltr'>craffus</span> <span class='ocrx_word' id='word_1_42' title='bbox 2228 1211 2338 1294; x_wconf 89' lang='lat' dir='ltr'>est</span> <span class='ocrx_word' id='word_1_43' title='bbox 2372 1278 2397 1319; x_wconf 88' lang='lat'>,</span> <span class='ocrx_word' id='word_1_44' title='bbox 2461 1212 2715 1296; x_wconf 77' lang='lat' dir='ltr'>viridis</span> <span class='ocrx_word' id='word_1_45' title='bbox 2746 1232 2829 1294; x_wconf 94' lang='lat' dir='ltr'>et</span> <span class='ocrx_word' id='word_1_46' title='bbox 2857 1212 2974 1296; x_wconf 87' lang='lat' dir='ltr'>la-</span> 
     </span>
     <span class='ocr_line' id='line_1_6' title="bbox 334 1328 2973 1451; baseline -0.003 -27"><span class='ocrx_word' id='word_1_47' title='bbox 334 1328 730 1450; x_wconf 79' lang='lat' dir='ltr'>nuginosus</span> <span class='ocrx_word' id='word_1_48' title='bbox 761 1407 786 1448; x_wconf 89' lang='lat'>‚</span> <span class='ocrx_word' id='word_1_49' title='bbox 845 1358 1400 1438; x_wconf 64' lang='lat' dir='ltr'>STELLSRUS</span> <span class='ocrx_word' id='word_1_50' title='bbox 1448 1337 1924 1451; x_wconf 90' lang='lat' dir='ltr'>squamosum</span> <span class='ocrx_word' id='word_1_51' title='bbox 1992 1357 2219 1423; x_wconf 82' lang='lat' dir='ltr'>vocat</span> <span class='ocrx_word' id='word_1_52' title='bbox 2251 1404 2276 1445; x_wconf 88' lang='lat'>,</span> <span class='ocrx_word' id='word_1_53' title='bbox 2312 1336 2434 1424; x_wconf 91' lang='lat' dir='ltr'>sed</span> <span class='ocrx_word' id='word_1_54' title='bbox 2481 1351 2973 1432; x_wconf 75' lang='lat' dir='ltr'>KRASCHE-</span> 
     </span>
     <span class='ocr_line' id='line_1_7' title="bbox 339 1465 2986 1584; baseline -0.002 -28"><span class='ocrx_word' id='word_1_55' title='bbox 339 1476 954 1560; x_wconf 80' lang='lat' dir='ltr'>NINNIKOWUS</span> <span class='ocrx_word' id='word_1_56' title='bbox 1003 1474 1393 1584; x_wconf 83' lang='lat' dir='ltr'>duplicem</span> <span class='ocrx_word' id='word_1_57' title='bbox 1460 1470 1644 1553; x_wconf 90' lang='lat' dir='ltr'>dicit</span> <span class='ocrx_word' id='word_1_58' title='bbox 1680 1534 1706 1576; x_wconf 84' lang='lat'>,</span> <span class='ocrx_word' id='word_1_59' title='bbox 1768 1469 2151 1552; x_wconf 87' lang='lat' dir='ltr'>internum</span> <span class='ocrx_word' id='word_1_60' title='bbox 2241 1465 2510 1552; x_wconf 87' lang='lat' dir='ltr'>scilicet</span> <span class='ocrx_word' id='word_1_61' title='bbox 2544 1533 2569 1574; x_wconf 89' lang='lat'>‚</span> <span class='ocrx_word' id='word_1_62' title='bbox 2671 1468 2986 1556; x_wconf 80' lang='lat' dir='ltr'>flosculis</span> 
     </span>
     <span class='ocr_line' id='line_1_8' title="bbox 330 1589 2975 1709; baseline 0.002 -34"><span class='ocrx_word' id='word_1_63' title='bbox 330 1589 758 1678; x_wconf 85' lang='lat' dir='ltr'>breuiorem</span> <span class='ocrx_word' id='word_1_64' title='bbox 795 1661 819 1705; x_wconf 80' lang='lat'>,</span> <span class='ocrx_word' id='word_1_65' title='bbox 886 1593 1385 1686; x_wconf 81' lang='lat' dir='ltr'>semiunciam</span> <span class='ocrx_word' id='word_1_66' title='bbox 1445 1596 1611 1709; x_wconf 86' lang='lat' dir='ltr'>plus</span> <span class='ocrx_word' id='word_1_67' title='bbox 1668 1597 1914 1681; x_wconf 88' lang='lat' dir='ltr'>minus</span> <span class='ocrx_word' id='word_1_68' title='bbox 1975 1597 2359 1682; x_wconf 84' lang='lat' dir='ltr'>diametro</span> <span class='ocrx_word' id='word_1_69' title='bbox 2454 1615 2913 1707; x_wconf 78' lang='lat' dir='ltr'>aequantem</span> <span class='ocrx_word' id='word_1_70' title='bbox 2950 1665 2975 1706; x_wconf 90' lang='lat'>‚</span> 
     </span>
     <span class='ocr_line' id='line_1_9' title="bbox 327 1720 3016 1837; baseline 0.004 -35"><span class='ocrx_word' id='word_1_71' title='bbox 327 1720 655 1805; x_wconf 76' lang='lat' dir='ltr'>viridem</span> <span class='ocrx_word' id='word_1_72' title='bbox 697 1784 721 1827; x_wconf 91' lang='lat'>‚</span> <span class='ocrx_word' id='word_1_73' title='bbox 789 1727 866 1808; x_wconf 89' lang='lat' dir='ltr'>in</span> <span class='ocrx_word' id='word_1_74' title='bbox 927 1728 1181 1837; x_wconf 85' lang='lat' dir='ltr'>plures</span> <span class='ocrx_word' id='word_1_75' title='bbox 1244 1747 1497 1813; x_wconf 87' lang='lat' dir='ltr'>acutas</span> <span class='ocrx_word' id='word_1_76' title='bbox 1595 1725 2042 1810; x_wconf 87' lang='lat' dir='ltr'>lanceolatas</span> <span class='ocrx_word' id='word_1_77' title='bbox 2075 1790 2098 1830; x_wconf 88' lang='lat'>‚</span> <span class='ocrx_word' id='word_1_78' title='bbox 2206 1726 2591 1835; x_wconf 87' lang='lat' dir='ltr'>contiguas</span> <span class='ocrx_word' id='word_1_79' title='bbox 2684 1725 3016 1812; x_wconf 87' lang='lat' dir='ltr'>lacinias</span> 
     </span>
     <span class='ocr_line' id='line_1_10' title="bbox 328 1846 2988 1965; baseline 0.002 -35"><span class='ocrx_word' id='word_1_80' title='bbox 328 1846 610 1933; x_wconf 66' lang='lat' dir='ltr'>festum</span> <span class='ocrx_word' id='word_1_81' title='bbox 649 1916 674 1955; x_wconf 88' lang='lat'>,</span> <span class='ocrx_word' id='word_1_82' title='bbox 734 1875 814 1935; x_wconf 91' lang='lat' dir='ltr'>et</span> <span class='ocrx_word' id='word_1_83' title='bbox 862 1876 1279 1940; x_wconf 84' lang='lat' dir='ltr'>externum</span> <span class='ocrx_word' id='word_1_84' title='bbox 1319 1923 1342 1964; x_wconf 89' lang='lat'>,</span> <span class='ocrx_word' id='word_1_85' title='bbox 1445 1854 1724 1940; x_wconf 88' lang='lat' dir='ltr'>corolla</span> <span class='ocrx_word' id='word_1_86' title='bbox 1783 1852 2039 1938; x_wconf 89' lang='lat' dir='ltr'>multo</span> <span class='ocrx_word' id='word_1_87' title='bbox 2139 1852 2564 1965; x_wconf 86' lang='lat' dir='ltr'>longiorem</span> <span class='ocrx_word' id='word_1_88' title='bbox 2601 1919 2630 1962; x_wconf 86' lang='lat'>,</span> <span class='ocrx_word' id='word_1_89' title='bbox 2732 1852 2988 1963; x_wconf 85' lang='lat' dir='ltr'>ligulis</span> 
     </span>
     <span class='ocr_line' id='line_1_11' title="bbox 329 1977 2986 2093; baseline 0.003 -34"><span class='ocrx_word' id='word_1_90' title='bbox 329 1977 801 2086; x_wconf 81' lang='lat' dir='ltr'>paucioribus</span> <span class='ocrx_word' id='word_1_91' title='bbox 835 2045 863 2089; x_wconf 89' lang='lat'>‚</span> <span class='ocrx_word' id='word_1_92' title='bbox 926 1982 1301 2093; x_wconf 86' lang='lat' dir='ltr'>subulatis,</span> <span class='ocrx_word' id='word_1_93' title='bbox 1370 1980 1583 2092; x_wconf 79' lang='lat' dir='ltr'>spiffi</span> <span class='ocrx_word' id='word_1_94' title='bbox 1659 1983 2018 2091; x_wconf 82' lang='lat' dir='ltr'>lanugine</span> <span class='ocrx_word' id='word_1_95' title='bbox 2082 1982 2434 2066; x_wconf 91' lang='lat' dir='ltr'>inuolutis</span> <span class='ocrx_word' id='word_1_96' title='bbox 2471 2046 2497 2089; x_wconf 88' lang='lat'><strong>,</strong></span> <span class='ocrx_word' id='word_1_97' title='bbox 2595 1980 2986 2092; x_wconf 82' lang='lat' dir='ltr'>compofi-</span> 
     </span>
     <span class='ocr_line' id='line_1_12' title="bbox 326 2105 2988 2222; baseline 0.001 -35"><span class='ocrx_word' id='word_1_98' title='bbox 326 2121 569 2218; x_wconf 86' lang='lat' dir='ltr'>tum;</span> <span class='ocrx_word' id='word_1_99' title='bbox 654 2105 959 2196; x_wconf 88' lang='lat' dir='ltr'>Semina</span> <span class='ocrx_word' id='word_1_100' title='bbox 1063 2111 1304 2197; x_wconf 88' lang='lat' dir='ltr'>finem</span> <span class='ocrx_word' id='word_1_101' title='bbox 1390 2108 1862 2222; x_wconf 86' lang='lat' dir='ltr'>Septembris</span> <span class='ocrx_word' id='word_1_102' title='bbox 1959 2108 2210 2192; x_wconf 79' lang='lat' dir='ltr'>versus</span> <span class='ocrx_word' id='word_1_103' title='bbox 2308 2127 2787 2216; x_wconf 82' lang='lat' dir='ltr'>maturantur</span> <span class='ocrx_word' id='word_1_104' title='bbox 2817 2173 2843 2213; x_wconf 87' lang='lat'>,</span> <span class='ocrx_word' id='word_1_105' title='bbox 2908 2124 2988 2191; x_wconf 91' lang='lat' dir='ltr'>et</span> 
     </span>
     <span class='ocr_line' id='line_1_13' title="bbox 322 2232 2982 2353; baseline 0.002 -37"><span class='ocrx_word' id='word_1_106' title='bbox 322 2249 505 2316; x_wconf 82' lang='lat' dir='ltr'>tunc</span> <span class='ocrx_word' id='word_1_107' title='bbox 589 2232 780 2322; x_wconf 75' lang='lat' dir='ltr'>fiista</span> <span class='ocrx_word' id='word_1_108' title='bbox 851 2238 1054 2349; x_wconf 88' lang='lat' dir='ltr'>sunt,</span> <span class='ocrx_word' id='word_1_109' title='bbox 1127 2241 1459 2352; x_wconf 76' lang='lat' dir='ltr'>oblonga</span> <span class='ocrx_word' id='word_1_110' title='bbox 1502 2306 1526 2349; x_wconf 86' lang='lat'>‚</span> <span class='ocrx_word' id='word_1_111' title='bbox 1563 2241 1773 2353; x_wconf 84' lang='lat' dir='ltr'>supra</span> <span class='ocrx_word' id='word_1_112' title='bbox 1808 2238 2221 2348; x_wconf 87' lang='lat' dir='ltr'>turgidiora</span> <span class='ocrx_word' id='word_1_113' title='bbox 2243 2303 2267 2344; x_wconf 85' lang='lat'>,</span> <span class='ocrx_word' id='word_1_114' title='bbox 2300 2237 2487 2323; x_wconf 87' lang='lat' dir='ltr'>infra</span> <span class='ocrx_word' id='word_1_115' title='bbox 2520 2236 2982 2322; x_wconf 71' lang='lat' dir='ltr'>contrastio-</span> 
     </span>
     <span class='ocr_line' id='line_1_14' title="bbox 319 2361 767 2470; baseline 0 -26"><span class='ocrx_word' id='word_1_116' title='bbox 319 2384 402 2444; x_wconf 84' lang='lat' dir='ltr'>ra</span> <span class='ocrx_word' id='word_1_117' title='bbox 428 2427 455 2470; x_wconf 88' lang='lat'>‚</span> <span class='ocrx_word' id='word_1_118' title='bbox 490 2361 767 2447; x_wconf 87' lang='lat' dir='ltr'>striata.</span> 
     </span>
    </p>

    <p class='ocr_par' dir='ltr' id='par_1_3' title="bbox 314 2486 2994 2734">
     <span class='ocr_line' id='line_1_15' title="bbox 459 2486 2994 2608; baseline 0.006 -42"><span class='ocrx_word' id='word_1_119' title='bbox 459 2486 851 2576; x_wconf 84' lang='lat' dir='ltr'>Litoribus</span> <span class='ocrx_word' id='word_1_120' title='bbox 943 2495 1240 2579; x_wconf 83' lang='lat' dir='ltr'>Oceani</span> <span class='ocrx_word' id='word_1_121' title='bbox 1334 2497 1711 2579; x_wconf 83' lang='lat' dir='ltr'>orientalis</span> <span class='ocrx_word' id='word_1_122' title='bbox 1743 2562 1770 2604; x_wconf 84' lang='lat'>,</span> <span class='ocrx_word' id='word_1_123' title='bbox 1851 2516 2018 2580; x_wconf 88' lang='lat' dir='ltr'>tam</span> <span class='ocrx_word' id='word_1_124' title='bbox 2123 2493 2431 2582; x_wconf 79' lang='lat' dir='ltr'>Ochotii</span> <span class='ocrx_word' id='word_1_125' title='bbox 2480 2564 2506 2606; x_wconf 85' lang='lat'>,</span> <span class='ocrx_word' id='word_1_126' title='bbox 2584 2521 2813 2608; x_wconf 87' lang='lat' dir='ltr'>quam</span> <span class='ocrx_word' id='word_1_127' title='bbox 2912 2495 2994 2580; x_wconf 91' lang='lat' dir='ltr'>in</span> 
     </span>
     <span class='ocr_line' id='line_1_16' title="bbox 314 2601 2987 2734; baseline 0.002 -32"><span class='ocrx_word' id='word_1_128' title='bbox 314 2601 831 2722; x_wconf 80' lang='lat' dir='ltr'>Kamtfhatca</span> <span class='ocrx_word' id='word_1_129' title='bbox 864 2685 889 2728; x_wconf 86' lang='lat'><strong>,</strong></span> <span class='ocrx_word' id='word_1_130' title='bbox 934 2609 1173 2707; x_wconf 50' lang='lat' dir='ltr'>‘insula</span> <span class='ocrx_word' id='word_1_131' title='bbox 1234 2624 1603 2731; x_wconf 79' lang='lat' dir='ltr'>Beeringii</span> <span class='ocrx_word' id='word_1_132' title='bbox 1638 2686 1664 2728; x_wconf 84' lang='lat'>,</span> <span class='ocrx_word' id='word_1_133' title='bbox 1730 2641 1809 2705; x_wconf 90' lang='lat' dir='ltr'>et</span> <span class='ocrx_word' id='word_1_134' title='bbox 1841 2625 1922 2705; x_wconf 87' lang='lat' dir='ltr'>in</span> <span class='ocrx_word' id='word_1_135' title='bbox 1960 2620 2320 2707; x_wconf 86' lang='lat' dir='ltr'>America</span> <span class='ocrx_word' id='word_1_136' title='bbox 2352 2621 2987 2734; x_wconf 73' lang='lat' dir='ltr'>septemtrionali</span> 
     </span>
    </p>
   </div>
   <div class='ocr_carea' id='block_1_3' title="bbox 319 2741 3134 2865">
    <p class='ocr_par' dir='ltr' id='par_1_4' title="bbox 319 2741 3134 2865">
     <span class='ocr_line' id='line_1_17' title="bbox 319 2741 3134 2865; baseline 0.003 -34"><span class='ocrx_word' id='word_1_137' title='bbox 319 2741 694 2831; x_wconf 82' lang='lat' dir='ltr'>maxime</span> <span class='ocrx_word' id='word_1_138' title='bbox 757 2744 1149 2833; x_wconf 60' lang='lat' dir='ltr'>familiaris</span> <span class='ocrx_word' id='word_1_139' title='bbox 1221 2751 1477 2862; x_wconf 84' lang='lat' dir='ltr'>planta</span> <span class='ocrx_word' id='word_1_140' title='bbox 1551 2749 1681 2833; x_wconf 86' lang='lat' dir='ltr'>est.</span> <span class='ocrx_word' id='word_1_141' title='bbox 1813 2747 2026 2839; x_wconf 82' lang='lat' dir='ltr'>Ruffi</span> <span class='ocrx_word' id='word_1_142' title='bbox 2085 2749 2167 2833; x_wconf 89' lang='lat' dir='ltr'>in</span> <span class='ocrx_word' id='word_1_143' title='bbox 2248 2746 2783 2865; x_wconf 71' lang='lat' dir='ltr'>Kamsthatca</span> <span class='ocrx_word' id='word_1_144' title='bbox 2858 2754 2996 2838; x_wconf 82' lang='lat' dir='ltr'>de·</span> <span class='ocrx_word' id='word_1_145' title='bbox 3131 2795 3134 2798; x_wconf 96' lang='lat'>·</span> 
     </span>
    </p>
   </div>
   <div class='ocr_carea' id='block_1_4' title="bbox 318 2871 3002 4805">
    <p class='ocr_par' dir='ltr' id='par_1_5' title="bbox 318 2871 1677 2992">
     <span class='ocr_line' id='line_1_18' title="bbox 318 2871 1677 2992; baseline 0.003 -35"><span class='ocrx_word' id='word_1_146' title='bbox 318 2889 598 2987; x_wconf 85' lang='lat' dir='ltr'>gentes</span> <span class='ocrx_word' id='word_1_147' title='bbox 658 2871 913 2960; x_wconf 75' lang='lat' dir='ltr'>lenem</span> <span class='ocrx_word' id='word_1_148' title='bbox 987 2876 1305 2992; x_wconf 74' lang='lat' dir='ltr'>(star-ik)</span> <span class='ocrx_word' id='word_1_149' title='bbox 1369 2896 1677 2963; x_wconf 86' lang='lat' dir='ltr'>vocant.</span> 
     </span>
    </p>

    <p class='ocr_par' dir='ltr' id='par_1_6' title="bbox 318 2997 3001 3478">
     <span class='ocr_line' id='line_1_19' title="bbox 451 2997 2997 3125; baseline 0.004 -39"><span class='ocrx_word' id='word_1_150' title='bbox 451 2997 1079 3112; x_wconf 86' lang='lat' dir='ltr'>Descriptionem</span> <span class='ocrx_word' id='word_1_151' title='bbox 1145 3007 1506 3123; x_wconf 75' lang='lat' dir='ltr'>ador-naui</span> <span class='ocrx_word' id='word_1_152' title='bbox 1583 3012 1869 3115; x_wconf 89' lang='lat' dir='ltr'>partim</span> <span class='ocrx_word' id='word_1_153' title='bbox 1947 3034 2050 3094; x_wconf 81' lang='lat' dir='ltr'>ex</span> <span class='ocrx_word' id='word_1_154' title='bbox 2116 3021 2587 3105; x_wconf 78' lang='lat' dir='ltr'>STELLERI</span> <span class='ocrx_word' id='word_1_155' title='bbox 2617 3079 2645 3120; x_wconf 87' lang='lat'>,</span> <span class='ocrx_word' id='word_1_156' title='bbox 2713 3013 2997 3125; x_wconf 84' lang='lat' dir='ltr'>partim</span> 
     </span>
     <span class='ocr_line' id='line_1_20' title="bbox 324 3137 2999 3248; baseline 0.004 -32"><span class='ocrx_word' id='word_1_157' title='bbox 324 3154 435 3216; x_wconf 81' lang='lat' dir='ltr'>ex</span> <span class='ocrx_word' id='word_1_158' title='bbox 498 3147 1474 3230; x_wconf 78' lang='lat' dir='ltr'>KRASCHENINNIKOWI</span> <span class='ocrx_word' id='word_1_159' title='bbox 1548 3137 2167 3248; x_wconf 83' lang='lat' dir='ltr'>descriptionibus</span> <span class='ocrx_word' id='word_1_160' title='bbox 2199 3201 2228 3243; x_wconf 85' lang='lat'>,</span> <span class='ocrx_word' id='word_1_161' title='bbox 2286 3138 2532 3220; x_wconf 87' lang='lat' dir='ltr'>adieci</span> <span class='ocrx_word' id='word_1_162' title='bbox 2613 3142 2849 3227; x_wconf 87' lang='lat' dir='ltr'>etiam</span> <span class='ocrx_word' id='word_1_163' title='bbox 2917 3160 2999 3227; x_wconf 90' lang='lat' dir='ltr'>et</span> 
     </span>
     <span class='ocr_line' id='line_1_21' title="bbox 319 3262 3001 3381; baseline 0.002 -31"><span class='ocrx_word' id='word_1_164' title='bbox 319 3262 756 3373; x_wconf 85' lang='lat' dir='ltr'>intersperfi</span> <span class='ocrx_word' id='word_1_165' title='bbox 799 3329 825 3373; x_wconf 89' lang='lat'>,</span> <span class='ocrx_word' id='word_1_166' title='bbox 906 3289 1099 3381; x_wconf 92' lang='lat' dir='ltr'>quae</span> <span class='ocrx_word' id='word_1_167' title='bbox 1195 3266 1505 3379; x_wconf 90' lang='lat' dir='ltr'>propria</span> <span class='ocrx_word' id='word_1_168' title='bbox 1602 3263 2019 3351; x_wconf 86' lang='lat' dir='ltr'>obseruatio</span> <span class='ocrx_word' id='word_1_169' title='bbox 2080 3284 2161 3349; x_wconf 88' lang='lat' dir='ltr'>et</span> <span class='ocrx_word' id='word_1_170' title='bbox 2217 3263 2584 3375; x_wconf 65' lang='lat' dir='ltr'>inspectio</span> <span class='ocrx_word' id='word_1_171' title='bbox 2684 3269 3001 3355; x_wconf 88' lang='lat' dir='ltr'>ocularis</span> 
     </span>
     <span class='ocr_line' id='line_1_22' title="bbox 318 3385 2318 3478; baseline 0.002 -3"><span class='ocrx_word' id='word_1_172' title='bbox 318 3388 614 3478; x_wconf 89' lang='lat' dir='ltr'>docuit.</span> <span class='ocrx_word' id='word_1_173' title='bbox 2295 3385 2318 3401; x_wconf 51' lang='lat'><strong>⁸</strong></span> 
     </span>
    </p>

    <p class='ocr_par' dir='ltr' id='par_1_7' title="bbox 321 3515 2997 3894">
     <span class='ocr_line' id='line_1_23' title="bbox 459 3515 2997 3629; baseline 0.003 -25"><span class='ocrx_word' id='word_1_174' title='bbox 459 3515 661 3604; x_wconf 90' lang='lat' dir='ltr'>Obs.</span> <span class='ocrx_word' id='word_1_175' title='bbox 729 3518 1144 3606; x_wconf 88' lang='lat' dir='ltr'>Filamenta</span> <span class='ocrx_word' id='word_1_176' title='bbox 1210 3520 1627 3609; x_wconf 88' lang='lat' dir='ltr'>foeminina</span> <span class='ocrx_word' id='word_1_177' title='bbox 1696 3520 2085 3610; x_wconf 75' lang='lat' dir='ltr'>Gerberae</span> <span class='ocrx_word' id='word_1_178' title='bbox 2119 3587 2145 3629; x_wconf 84' lang='lat'>,</span> <span class='ocrx_word' id='word_1_179' title='bbox 2249 3518 2607 3608; x_wconf 87' lang='lat' dir='ltr'>antherae</span> <span class='ocrx_word' id='word_1_180' title='bbox 2722 3525 2997 3611; x_wconf 85' lang='lat' dir='ltr'>andro-</span> 
     </span>
     <span class='ocr_line' id='line_1_24' title="bbox 321 3648 2994 3767; baseline 0.005 -39"><span class='ocrx_word' id='word_1_181' title='bbox 321 3667 723 3754; x_wconf 84' lang='lat' dir='ltr'>gynorum</span> <span class='ocrx_word' id='word_1_182' title='bbox 786 3648 1268 3767; x_wconf 85' lang='lat' dir='ltr'>flosculorum</span> <span class='ocrx_word' id='word_1_183' title='bbox 1335 3652 1722 3735; x_wconf 63' lang='lat' dir='ltr'>distinctae</span> <span class='ocrx_word' id='word_1_184' title='bbox 1825 3650 2239 3739; x_wconf 84' lang='lat' dir='ltr'>Parthenio</span> <span class='ocrx_word' id='word_1_185' title='bbox 2320 3651 2729 3743; x_wconf 84' lang='lat' dir='ltr'>accensent.</span> <span class='ocrx_word' id='word_1_186' title='bbox 2831 3650 2994 3743; x_wconf 90' lang='lat' dir='ltr'>Sub</span> 
     </span>
     <span class='ocr_line' id='line_1_25' title="bbox 322 3778 2276 3894; baseline -0.001 -32"><span class='ocrx_word' id='word_1_187' title='bbox 322 3796 550 3862; x_wconf 81' lang='lat' dir='ltr'>nouo</span> <span class='ocrx_word' id='word_1_188' title='bbox 613 3778 932 3860; x_wconf 87' lang='lat' dir='ltr'>nomine</span> <span class='ocrx_word' id='word_1_189' title='bbox 998 3782 1358 3887; x_wconf 85' lang='lat' dir='ltr'>generico</span> <span class='ocrx_word' id='word_1_190' title='bbox 1418 3779 1676 3863; x_wconf 89' lang='lat' dir='ltr'>lubens</span> <span class='ocrx_word' id='word_1_191' title='bbox 1735 3804 2276 3894; x_wconf 82' lang='lat' dir='ltr'>proponerem.</span> 
     </span>
    </p>

    <p class='ocr_par' dir='ltr' id='par_1_8' title="bbox 473 3903 3002 4273">
     <span class='ocr_line' id='line_1_26' title="bbox 473 3903 3002 4020; baseline 0.006 -38"><span class='ocrx_word' id='word_1_192' title='bbox 473 3908 675 4008; x_wconf 73' lang='lat'>146.</span> <span class='ocrx_word' id='word_1_193' title='bbox 741 3903 1107 3995; x_wconf 89' lang='lat' dir='ltr'>ASTER</span> <span class='ocrx_word' id='word_1_194' title='bbox 1170 3908 1364 3993; x_wconf 83' lang='lat' dir='ltr'>soliis</span> <span class='ocrx_word' id='word_1_195' title='bbox 1426 3908 1858 3994; x_wconf 87' lang='lat' dir='ltr'>lanceolatis</span> <span class='ocrx_word' id='word_1_196' title='bbox 1892 3977 1917 4018; x_wconf 89' lang='lat'>,</span> <span class='ocrx_word' id='word_1_197' title='bbox 1974 3935 2103 3993; x_wconf 88' lang='lat' dir='ltr'>am</span> <span class='ocrx_word' id='word_1_198' title='bbox 2111 3905 2650 4019; x_wconf 84' lang='lat' dir='ltr'>plexicaulibus</span> <span class='ocrx_word' id='word_1_199' title='bbox 2685 3977 2709 4020; x_wconf 85' lang='lat'>,</span> <span class='ocrx_word' id='word_1_200' title='bbox 2772 3907 3002 3998; x_wconf 72' lang='lat' dir='ltr'>letra-</span> 
     </span>
     <span class='ocr_line' id='line_1_27' title="bbox 713 4035 3002 4146; baseline 0.005 -28"><span class='ocrx_word' id='word_1_201' title='bbox 713 4052 813 4118; x_wconf 89' lang='lat' dir='ltr'>to</span> <span class='ocrx_word' id='word_1_202' title='bbox 833 4036 1092 4119; x_wconf 89' lang='lat' dir='ltr'>ciliatis</span> <span class='ocrx_word' id='word_1_203' title='bbox 1129 4102 1152 4144; x_wconf 85' lang='lat'>‚</span> <span class='ocrx_word' id='word_1_204' title='bbox 1217 4035 1533 4145; x_wconf 82' lang='lat' dir='ltr'>glabris,</span> <span class='ocrx_word' id='word_1_205' title='bbox 1618 4043 2063 4125; x_wconf 81' lang='lat' dir='ltr'>acuminatis</span> <span class='ocrx_word' id='word_1_206' title='bbox 2102 4102 2124 4144; x_wconf 89' lang='lat'>‚</span> <span class='ocrx_word' id='word_1_207' title='bbox 2212 4036 2537 4121; x_wconf 84' lang='lat' dir='ltr'>reem-uis</span> <span class='ocrx_word' id='word_1_208' title='bbox 2568 4104 2592 4146; x_wconf 87' lang='lat'>,</span> <span class='ocrx_word' id='word_1_209' title='bbox 2696 4039 3002 4129; x_wconf 88' lang='lat' dir='ltr'>floribus</span> 
     </span>
     <span class='ocr_line' id='line_1_28' title="bbox 717 4160 3001 4273; baseline 0.007 -26"><span class='ocrx_word' id='word_1_210' title='bbox 717 4163 1065 4249; x_wconf 87' lang='lat' dir='ltr'>solitariis</span> <span class='ocrx_word' id='word_1_211' title='bbox 1099 4228 1123 4273; x_wconf 86' lang='lat'>,</span> <span class='ocrx_word' id='word_1_212' title='bbox 1193 4164 1404 4249; x_wconf 88' lang='lat' dir='ltr'>caule</span> <span class='ocrx_word' id='word_1_213' title='bbox 1464 4160 1715 4251; x_wconf 86' lang='lat' dir='ltr'>striato</span> <span class='ocrx_word' id='word_1_214' title='bbox 1779 4162 2286 4261; x_wconf 68' lang='lat' dir='ltr'>mNN‚;Suec.</span> <span class='ocrx_word' id='word_1_215' title='bbox 2348 4180 2429 4248; x_wconf 82' lang='lat' dir='ltr'>n&#39;·</span> <span class='ocrx_word' id='word_1_216' title='bbox 2501 4171 2716 4269; x_wconf 84' lang='lat'><strong>696·</strong></span> <span class='ocrx_word' id='word_1_217' title='bbox 2794 4170 3001 4266; x_wconf 68' lang='lat' dir='ltr'>Tab-</span> 
     </span>
    </p>

    <p class='ocr_par' dir='ltr' id='par_1_9' title="bbox 388 4414 2996 4805">
     <span class='ocr_line' id='line_1_29' title="bbox 832 4414 2995 4542; baseline 0.002 -33"><span class='ocrx_word' id='word_1_218' title='bbox 832 4420 1054 4538; x_wconf 78' lang='lat' dir='ltr'>Aster</span> <span class='ocrx_word' id='word_1_219' title='bbox 1114 4435 1493 4509; x_wconf 81' lang='lat' dir='ltr'>montanus</span> <span class='ocrx_word' id='word_1_220' title='bbox 1560 4422 1787 4513; x_wconf 80' lang='lat' dir='ltr'>luteus</span> <span class='ocrx_word' id='word_1_221' title='bbox 1828 4492 1853 4534; x_wconf 87' lang='lat'>‚</span> <span class='ocrx_word' id='word_1_222' title='bbox 1893 4414 2159 4537; x_wconf 83' lang='lat' dir='ltr'>salicis</span> <span class='ocrx_word' id='word_1_223' title='bbox 2173 4420 2444 4533; x_wconf 83' lang='lat' dir='ltr'>glabro</span> <span class='ocrx_word' id='word_1_224' title='bbox 2487 4418 2673 4540; x_wconf 75' lang='lat' dir='ltr'>folio</span> <span class='ocrx_word' id='word_1_225' title='bbox 2705 4422 2804 4514; x_wconf 90' lang='lat' dir='ltr'>B.</span> <span class='ocrx_word' id='word_1_226' title='bbox 2827 4430 2995 4542; x_wconf 82' lang='lat' dir='ltr'>pin.</span> 
     </span>
     <span class='ocr_line' id='line_1_30' title="bbox 977 4552 2463 4665; baseline 0.005 -34"><span class='ocrx_word' id='word_1_227' title='bbox 977 4558 1176 4635; x_wconf 82' lang='lat'><em>266.</em></span> <span class='ocrx_word' id='word_1_228' title='bbox 1244 4568 1615 4665; x_wconf 62' lang='lat' dir='ltr'>Toum,</span> <span class='ocrx_word' id='word_1_229' title='bbox 1673 4552 1739 4637; x_wconf 91' lang='grc' dir='ltr'>Ι.</span> <span class='ocrx_word' id='word_1_230' title='bbox 1781 4556 1884 4644; x_wconf 87' lang='lat' dir='ltr'>R.</span> <span class='ocrx_word' id='word_1_231' title='bbox 1925 4554 2032 4641; x_wconf 86' lang='lat' dir='ltr'>H.</span> <span class='ocrx_word' id='word_1_232' title='bbox 2106 4564 2311 4656; x_wconf 75' lang='lat'>183.</span> <span class='ocrx_word' id='word_1_233' title='bbox 2381 4569 2463 4638; x_wconf 88' lang='lat' dir='ltr'>et</span> 
     </span>
     <span class='ocr_line' id='line_1_31' title="bbox 388 4668 2996 4805; baseline 0.002 -40"><span class='ocrx_word' id='word_1_234' title='bbox 388 4668 605 4769; x_wconf 66' lang='lat' dir='ltr'>Flor(</span> <span class='ocrx_word' id='word_1_235' title='bbox 676 4678 909 4769; x_wconf 79' lang='lat' dir='ltr'>Sibir.</span> <span class='ocrx_word' id='word_1_236' title='bbox 976 4676 1166 4770; x_wconf 76' lang='grc' dir='ltr'>Ίόηι.</span> <span class='ocrx_word' id='word_1_237' title='bbox 1233 4681 1338 4771; x_wconf 88' lang='grc' dir='ltr'>Π.</span> <span class='ocrx_word' id='word_1_238' title='bbox 1615 4677 1707 4776; x_wconf 94' lang='grc' dir='ltr'><strong><em>Ζ</em></strong></span> <span class='ocrx_word' id='word_1_239' title='bbox 1888 4696 1891 4699; x_wconf 80' lang='grc'><strong>’</strong></span> <span class='ocrx_word' id='word_1_240' title='bbox 2771 4678 2996 4805; x_wconf 66' lang='grc' dir='ltr'><em>Αβετξ</em></span> 
     </span>
    </p>
   </div>
  </div>
 </body>
</html>
