4378 5721
894 595 1043 694 VI.
1111 593 1681 696 nomm
1734 597 2306 696 mutam.
2749 625 2940 713 19⁷

430 833 552 919 Ad
614 832 908 921 Lenam
968 834 1295 920 fluuium
1357 860 1537 921 cum
1608 838 1977 922 varietate
2010 832 2230 920 rubra
2265 831 2537 948 paffim
2570 837 2919 925 occurrit.
3103 905 3106 908 ,

424 1032 621 1108 162.
689 1024 1260 1115 ACHILLEA
1326 1026 1529 1114 foliis
1588 1029 1917 1140 pinnatis
1949 1092 1973 1136 ,
2036 1025 2295 1140 pinnis
2371 1026 2625 1141 longis
2657 1096 2682 1139 ‚
2745 1055 2932 1117 acu-

661 1160 754 1241 tis
790 1223 815 1267 ‚
881 1158 1347 1243 inferioribus
1407 1157 1682 1245 surium
1741 1157 1973 1242 dente
2036 1155 2275 1242 auctis
2309 1224 2336 1267 ,
2430 1160 2921 1269 glaberrirniS.

666 1286 858 1375 Tab·
935 1283 1420 1374 LXXXIII.
1493 1290 1659 1399 Fig.
1736 1312 1818 1372 1.

786 1410 1184 1532 Millefolio
1248 1415 1497 1531 alpino
1558 1414 1793 1525 qffinis
1843 1413 2116 1531 planta
2152 1478 2181 1524 ‚
2274 1414 2701 1530 quibusdam
2797 1418 2926 1502 iua

922 1538 1293 1658 moschata
1357 1544 1426 1631 1.
1475 1541 1572 1629 B.
1612 1543 1767 1632 III.
1843 1571 2048 1650 140.

742 1670 779 1760 3
839 1673 1193 1761 Achillea
1237 1673 1446 1793 soliis
1509 1679 1838 1791 pinnatis
1876 1741 1900 1782 ,
1971 1676 2221 1789 pinnis
2313 1669 2540 1785 longis
2634 1673 2872 1760 acutis
2903 1739 2931 1786 ,

889 1794 1329 1918 subhiffutis
1391 1827 1575 1889 raro
1636 1805 1950 1891 dentatis
2013 1818 2308 1900 HALL.
2355 1798 2591 1891 Helv.
2716 1823 2771 1907 7
2790 1827 2826 1882 1
2840 1831 2927 1910 4.

927 1930 1106 2031 Cel.,
1169 1949 1692 2029 HALLERUS
1744 1959 1888 2045 pro
1948 1932 2226 2018 diuersa
2288 1931 2550 2018 habet.

403 2121 541 2209 Ab
605 2126 859 2237 alpina
917 2124 1303 2210 altitudine
1337 2194 1362 2238 ,
1463 2152 1653 2239 quae
1752 2123 2163 2237 laepiffime
2230 2124 2326 2209 ad
2390 2124 2580 2209 duos
2636 2125 2936 2210 cubitos

280 2253 562 2337 accedit
597 2319 621 2360 ,
688 2274 771 2336 et
833 2253 1179 2365 glabritie
1211 2322 1238 2365 ,
1307 2282 1501 2369 quae
1560 2258 1837 2370 vbique
1898 2256 2167 2339 eadem
2239 2253 2351 2339 est
2389 2319 2414 2364 ,
2474 2252 2754 2338 differt.
2794 2252 2929 2341 Ab

277 2381 402 2464 iua
465 2374 847 2490 mofi·hata
912 2381 1054 2464 sola
1114 2385 1509 2471 altitudine
1568 2385 1867 2470 differre
1928 2383 2232 2467 videtur
2271 2447 2294 2491 ,
2329 2380 2685 2491 expreffis
2716 2385 2929 2466 enim

268 2505 526 2589 verbis
605 2504 672 2588 I.
738 2520 1237 2598 ssAUHINUs
1292 2510 1714 2617 glabritiem
1787 2510 2149 2589 foliorum
2216 2528 2466 2614 vrget.
2629 2502 2934 2591 Dentes

271 2634 593 2743 quidem
654 2633 1139 2718 lacinularum
1203 2637 1282 2716 in
1343 2638 1471 2720 iua
1529 2627 1899 2739 moschata
1963 2657 2121 2714 non
2184 2636 2418 2715 video
2454 2697 2478 2738 ,
2541 2629 2668 2715 sed
2731 2634 2934 2718 forte

277 2760 511 2846 sterile
571 2761 817 2846 solum
884 2778 967 2843 et
1025 2787 1345 2873 paruam
1409 2763 1829 2876 plantulam
1891 2779 1973 2843 et
2038 2760 2389 2845 laciuulas
2447 2761 2698 2844 minus
2749 2760 2930 2845 den-

264 2907 469 2975 tatas
529 2889 907 3000 producit.

398 3018 672 3106 Radix
727 3043 952 3127 parua
990 3082 1017 3125 ,
1083 3016 1337 3103 albens
1369 3086 1394 3129 ,
1461 3018 1713 3131 paucis
1777 3013 1982 3100 fibris
2048 3014 2401 3105 instructa
2455 3014 2586 3100 est.
2722 3014 2944 3105 Cau·'

282 3142 366 3229 lis
428 3146 628 3230 nitet
691 3166 769 3229 et
829 3145 1097 3229 leuiter
1161 3148 1446 3231 striatus
1502 3147 1605 3230 est
1642 3210 1664 3253 ,
1731 3145 1910 3227 infra
1992 3144 2263 3228 rubens
2306 3208 2329 3245 ,
2418 3144 2671 3257 postca
2740 3147 2924 3233 viri-

292 3274 396 3356 dis
427 3337 451 3382 ,
512 3274 867 3386 plurimis
926 3276 1024 3358 ab
1090 3276 1258 3359 imo
1317 3279 1414 3360 ad
1479 3278 1862 3359 summum
1930 3270 2122 3357 foliis
2188 3272 2338 3358 fine
2403 3275 2667 3357 ordine
2704 3266 2942 3361 vesti?

289 3417 396 3485 tus
423 3469 448 3510 ,
533 3428 729 3515 quae
794 3404 877 3484 in
944 3403 1212 3513 pinnas
1269 3402 1599 3516 angustas
1660 3422 1738 3485 et
1806 3422 2056 3486 acutas
2088 3398 2451 3511 profunde
2487 3402 2678 3487 sec'ta
2714 3400 2922 3514 sunt,

285 3530 677 3644 Vtrimque
743 3553 845 3612 ex
910 3552 1079 3615 atro
1136 3534 1407 3618 viridia
1470 3554 1549 3618 et
1610 3531 1911 3614 nitentia
1948 3593 1972 3634 ,
2037 3530 2297 3613 variae
2349 3533 2922 3639 magnitudinis.

288 3652 685 3747 Inferioroe
744 3676 1065 3768 quatuor
1129 3660 1541 3772 quinqueue
1574 3661 1849 3770 pinnae
1883 3658 1965 3741 in
2003 3652 2357 3768 superiori
2389 3658 2618 3744 latere
2657 3665 2922 3770 proxi·

286 3808 410 3869 me
477 3792 575 3875 ad
650 3788 942 3872 costam
1004 3790 1232 3873 dente
1296 3794 1622 3901 quodam
1690 3787 1948 3873 eresto
2006 3805 2080 3868 et
2145 3804 2369 3869 acuto
2404 3850 2426 3894 ,
2492 3788 2587 3870 ad
2652 3793 2936 3901 proxi--

280 3938 487 4001 mam
556 3942 799 4026 vsque
885 3917 1204 4028 pinnam
1289 3923 1754 4031 pertingente
1853 3916 2238 4025 praeditae
2297 3913 2457 3998 sunt
2492 3978 2516 4019 ,
2613 3917 2923 4004 minora

285 4050 539 4129 tamen
611 4045 792 4128 folia
828 4111 851 4150 ,
887 4045 1034 4131 fiue
1068 4045 1255 4131 octo
1284 4047 1647 4133 decemue
1686 4045 2025 4156 suprema
2061 4041 2407 4166 edentula
2444 4042 2628 4127 sunt.
2693 4045 2923 4132 Fasti·-

277 4171 478 4277 gium
540 4174 778 4258 caulis
841 4176 921 4257 in
981 4174 1381 4286 pulchram
1445 4168 1866 4263 vmbenam
1933 4172 2201 4256 definit
2294 4171 2576 4259 florum
2660 4176 2924 4260 candi-

278 4296 549 4387 dorum
590 4369 621 4409 ,
686 4303 769 4385 in
829 4302 979 4389 hoc
1041 4328 1318 4415 genere
1381 4303 1578 4391 forte
1643 4298 2283 4420 ampliffimomm
2324 4365 2350 4411 ,
2409 4327 2741 4416 quorum
2811 4300 2924 4388 se·

283 4426 679 4515 miflosculi
743 4434 1120 4543 eleganter
1199 4434 1404 4519 incisi
1466 4430 1651 4520 Iunt.

400 4552 498 4643 In
555 4559 786 4646 omni
847 4558 1113 4647 Sibiria
1140 4616 1147 4625 -
1172 4563 1513 4677 fiequens
1540 4685 1553 4691 ἢ
1578 4560 1710 4646 est.
2130 4592 2137 4599 ·

1446 4688 1519 4779 B
1552 4689 1602 4776 b
1639 4716 1691 4798 3
2703 4689 2917 4788 163.
