4378 5721
1395 639 1524 775 ἑιὲ
2284 657 2410 752 ιι.
2477 627 3134 808 σΑΡιΤᾼῙΑΕ.

1406 905 1499 975 vt
1557 883 1956 1001 longitudo
2017 882 2496 1002 semipedem
2553 904 2820 1002 aequet
2854 956 2878 997 ,
2959 885 3177 999 supra
3238 882 3440 971 laete
3538 882 3808 974 viridia
3844 951 3869 995 ,
3929 876 4053 968 iii}

1409 1015 1518 1102 fra
1585 1018 1897 1102 candida
1931 1082 1955 1123 ,
2023 1019 2370 1130 margine
2431 1018 2697 1105 serrata
2735 1083 2758 1126 ,
2823 1018 3119 1128 singulis
3181 1015 3526 1099 dentibus
3592 1012 3825 1098 serrae
3881 1038 4064 1096 acu«

1410 1144 1542 1229 leo
1600 1146 2017 1256 terminatis
2052 1212 2079 1254 ,
2138 1147 2439 1256 petiolis
2496 1149 2907 1230 innituntur
2938 1144 3504 1255 semipedalibus
3534 1139 3858 1255 spinosis,
3897 1140 4053 1226 Fo-
4143 1181 4162 1189 -

1410 1270 1512 1355 lia
1578 1273 1871 1356 caulina
1929 1272 2200 1358 infima
2259 1274 2690 1360 radicalibus
2754 1272 3020 1358 fimilia
3055 1340 3082 1382 ,
3116 1272 3482 1384 superiora
3516 1273 3820 1356 minora
3852 1267 4056 1373 sunt,

1411 1397 1787 1509 palmaria
1820 1465 1847 1510 ,
1910 1400 2325 1488 triuncialia
2383 1420 2467 1485 et
2528 1401 2930 1488 biuncialia
2969 1464 2995 1507 ,
3095 1425 3200 1484 ex
3273 1419 3506 1484 ouato
3589 1397 3998 1484 lanceolata
4034 1459 4060 1502 ,

1408 1525 1702 1612 breuius
1764 1527 2188 1641 petiolata,
2255 1529 2554 1641 petiolo
2609 1527 2879 1613 folioso
2934 1548 3157 1641 atque
3219 1528 3298 1613 in
3380 1525 3538 1612 bafi
3597 1524 4003 1612 auriculam
4031 1584 4060 1628 ,

1233 1755 1242 1762 ‚
1408 1671 1750 1740 ceterum
1815 1654 2111 1741 similia.
2241 1659 2676 1746 Ramorum
2738 1655 2920 1744 folia
2983 1680 3278 1770 pauca,
3343 1653 3653 1742 caulinis
3750 1654 4061 1739 minora

1404 1780 1615 1890 sunt,
1679 1782 1881 1868 nulla
1947 1781 2090 1869 alia
2149 1809 2233 1867 re
2295 1783 2604 1868 diuersi.

1532 1848 1904 2022 C’Iapitula
1958 1912 2036 1995 in
2102 1910 2395 2024 singulis
2458 1936 2854 1997 ramorum
2914 1927 2998 1996 et
3058 1911 3519 1997 ramulorum
3601 1924 3689 1992 vt
3749 1922 3836 1991 et
3891 1928 4067 1992 cau-

1229 2147 1237 2152 ,
1420 2036 1515 2124 lis
1574 2037 1882 2149 fifflgiis
1944 2036 2287 2151 lingula,
2352 2059 2671 2154 propter
2733 2039 3410 2164 magnitudinem
3403 2034 3782 2123 eximiam
3859 2034 4070 2145 capi·

1415 2182 1493 2250 ta
1556 2168 1815 2278 potius
1872 2164 2023 2251 dici
2089 2186 2542 2274 merentur,
2603 2166 2729 2253 sed
2795 2187 3114 2280 propter
3175 2131 3495 2253 eandem
3511 2157 3736 2250 sorte
3768 2161 4071 2274 magni·

1419 2293 1829 2403 tudinem,
1890 2294 2193 2438 quando
2251 2297 2444 2380 bene
2507 2294 2729 2408 pansa
2808 2294 3026 2403 sunt,
3127 2312 3420 2378 nutant.
3553 2293 3837 2377 Forma
3894 2290 4027 2401 ips
4027 2313 4063 2373 a

1425 2420 1573 2506 cst
1595 2419 1751 2505 sere
1812 2421 2141 2526 conica,
2223 2441 2306 2506 et
2362 2422 2578 2506 color
2640 2447 2687 2507 e
2753 2423 2978 2508 viridi
3040 2439 3142 2504 et·
3180 2421 3384 2506 luteo
3477 2415 4066 2529 fi1scus.squa-

1418 2571 1601 2634 mae
1662 2546 1977 2656 calicis,
2015 2549 2291 2666 quoad
2356 2569 2672 2659 patent,
2736 2550 3062 2635 totidem
3125 2545 3385 2632 foliola
3446 2550 3773 2633 referunt
3816 2544 4066 2630 subro-

1425 2674 1656 2768 cunda
1690 2741 1717 2784 ,
1782 2657 2201 2761 cochlearis
2262 2676 2482 2761 instar
2542 2702 2721 2761 caua
2763 2738 2810 2788 ,Ι
2857 2673 3442 2760 membranacea
3480 2740 3505 2784 ,
3572 2698 3677 2759 ex
3736 2673 3919 2758 albo
3951 2673 4069 2757 vi-

1421 2803 1667 2891 rentia
1701 2868 1730 2913 ,
1792 2803 1891 2890 ad
1956 2826 2128 2888 oras
2183 2800 2397 2913 saepe
2459 2801 2721 2887 leuiter
2780 2799 3120 2889 laciniata
3159 2866 3184 2908 ‚
3249 2802 3650 2889 secundum
3719 2802 4064 2888 mediam

1420 2930 1622 3016 dorsi
1686 2931 2234 3039 longitudinem
2299 2951 2538 3013 neruo
2597 2928 2976 3013 eminenti
3053 2931 3396 3039 praedita
3431 2995 3457 3039 ,
3557 2929 3689 3042 qui
3749 2930 3832 3014 in
3901 2931 4070 3016 bre-

1423 3080 1617 3142 vem
1681 3053 1973 3165 spinam
2038 3054 2306 3139 definit
2337 3118 2364 3163 ‚
2425 3054 2757 3166 qualibus
2814 3073 3072 3139 tamen
3136 3055 3287 3140 duo
3351 3075 3480 3142 aut
3534 3061 3697 3163 :ties
3786 3055 4068 3144 summi

1424 3181 1908 3297 squamarum
1971 3182 2272 3267 ordines
2327 3201 2604 3267 carent.
2736 3181 3049 3270 Flosculi
3122 3185 3549 3296 androgyni
3585 3247 3611 3289 ‚
3711 3182 4072 3270 lucescen-

1430 3331 1547 3398 tes
1605 3328 1688 3395 et
1751 3307 1952 3401 flisco
2013 3309 2283 3422 paffim
2350 3310 2540 3397 varii
2574 3377 2600 3421 ,
2662 3311 2743 3395 in
2807 3312 3162 3429 quinque:⁸
3195 3329 3446 3397 acutas
3506 3311 3845 3423 aequales
3893 3338 4065 3424 par-

1431 3457 1546 3523 tes
1606 3435 1937 3523 secantur
1974 3499 2001 3544 ,
2097 3439 2423 3524 odorem
2519 3456 2821 3551 gratum
2882 3436 3182 3550 ‘spirant
3216 3502 3241 3545 ,
3308 3456 3392 3522 et
3451 3438 3715 3524 nectar
3809 3439 4069 3550 paullo

1429 3563 1705 3677 spiffius
1737 3630 1764 3675 ,
1827 3564 2043 3652 melli
2103 3564 2495 3710 puriffimo
2525 3567 2990 3677 analogum,
3025 3565 3285 3677 primo
3321 3564 3567 3679 sapori
3601 3559 4065 3677 acceptum,

1434 3710 1608 3778 tum
1672 3692 2136 3805 aliquantum
2220 3695 2603 3802 amarius»,
2700 3692 3010 3804 copiose
3104 3692 3444 3779 fundunt.
3578 3692 3923 3780 Antheia
3982 3694 4066 3782 in

1432 3816 1711 3907 fiiscum
1774 3820 2120 3906 colorem
2185 3822 2465 3933 vergit.
2586 3818 2906 3907 Semina
2981 3820 3300 3932 glabra,
3360 3822 3780 3908 admodum
3880 3846 4070 3906 con-

1431 3950 1718 4055 cinne‚
1778 3944 1905 4032 sed
1968 3947 2173 4033 haud
2235 3948 2658 4060 profunde,
2720 3948 2966 4034 striata
3002 3949 3521 4065 ,amygdalas
3578 3948 3831 4035 forma
3878 3948 4074 4034 rese-

1256 4097 1262 4105 ’
1433 4090 1609 4164 runt
1672 4089 1756 4156 et
1818 4074 1988 4186 pilis
2040 4088 2561 4209 coronantur
2626 4078 2709 4163 in
2770 4078 3066 4188 giluum
3123 4077 3472 4160 colorem
3551 4077 4075 4189 vei-gentibus,

1436 4201 1745 4313 quando
1802 4200 2045 4286 adhuc
2108 4201 2192 4285 in
2254 4203 2444 4288 statu
2499 4186 2941 4315 germinum
3026 4204 3251 4310 sunt,
3348 4203 3815 4314 stigmatibus
3861 4205 4075 4290 duo

1441 4329 1581 4416 bus
1647 4326 2272 4414 efflorescentibus
2309 4397 2333 4438 ,
2431 4356 2620 4441 qnae
2680 4352 2806 4417 aut
2902 4331 3036 4419 fibi
3133 4330 3456 4420 inuicem
3553 4337 4075 4446 apprimuntut

1441 4477 1570 4547 aut
1633 4455 2135 4568 aliquomodo
2193 4459 2324 4543 abs
2383 4457 2523 4542 lese
2587 4461 2918 4545 inuicem
2987 4458 3366 4545 recedunt.

1563 4580 1725 4679 Sub
1788 4583 2030 4675 finem
2092 4586 2414 4705 Augusti
2472 4588 2556 4677 in
2616 4588 2909 4706 campis
2966 4588 3055 4674 ad
3090 4580 3380 4706 Ijuffm'n
3413 4586 3724 4674 fluuium
3786 4604 3866 4669 ct
3898 4585 4078 4673 hinc

3740 4715 4077 4807 Tomim
