4378 5721
1425 658 1491 738 4
2134 627 2208 716 1.
2270 565 3414 725 SEMIFLOSCVLOSAE.

1422 854 1687 968 quibus
1749 855 1999 942 maior
2062 860 2249 948 inest
2348 867 2690 955 dulcedo,
2792 864 3286 976 Experientia
3348 863 3503 981 ipse
3566 881 4061 987 compertum
4163 943 4169 950 .

1425 983 1738 1097 habeo,
1803 987 2179 1080 eximiam
2247 992 2747 1084 vulnerariam
2808 993 2977 1079 effe.

1554 1112 1746 1199 Icon
1810 1117 2259 1226 exemplum
2331 1126 2569 1239 sistit,
2632 1128 2713 1209 in
2780 1120 3178 1206 laetissimo
3237 1123 3401 1211 solo
3468 1146 3762 1213 natum.

1432 1265 1435 1272 ·
1553 1270 1644 1353 3.
1713 1238 2483 1344 SCOKZONERA
2577 1253 2787 1340 caule
2851 1249 3222 1357 ramoso,
3326 1255 3522 1341 foliis
3619 1256 4060 1408 linearibus,

1793 1375 2300 1488 acuminum,
2362 1386 2742 1492 carinatiS,
2801 1378 3150 1467 calicibus
3212 1385 3474 1469 acutis.

1915 1495 2372 1599 Scorzonera
2412 1512 2627 1627 soliis
2640 1511 3050 1623 gramineis
3077 1514 3351 1596 SHER.
3469 1516 3827 1608 BOERH.
3884 1516 4052 1608 Ind

2054 1634 2189 1721 alt.
2264 1655 2402 1745 89.
2460 1629 2733 1727 excl'us
2790 1639 3053 1748 synon.

1916 1777 2385 1870 Scorzonera
2448 1785 2622 1874 Lus
2618 1787 2871 1871 tamea
2912 1782 3295 1891 gramineo
3352 1774 3612 1894 fhlie),
3641 1789 3860 1902 flore
3874 1791 4052 1908 pal·

2053 1909 2199 1995 lide
2255 1911 2437 2002 luteo
2497 1922 2876 2003 TOURN.
2928 1909 3105 1996 Cer.
3173 1916 3461 2002 BUXB.
3508 1913 3725 2001 cent.
3783 1918 3890 2004 11.
3951 1940 4048 2035 p.

2056 2035 2880 2131 26.Tab.XX1.·
2995 2035 3115 2121 Ita
3184 2031 3442 2113 docuit
3544 2036 4100 2136 ῙᾸΝΝΑΕΗΒ.ι

2057 2163 2145 2251 Si
2183 2197 2375 2255 vero
2406 2196 2509 2256 ex
2566 2164 3083 2251 obscuratione
3168 2166 3459 2247 HALL.
3511 2164 3707 2252 hort.
3809 2164 4058 2257 Οσὲἰΐ.

2054 2294 2164 2382 Sc
2161 2323 2519 2386 orzonera
2592 2294 3013 2408 Ltfitanica
3087 2316 3314 2377 verus
3394 2292 3506 2377 est
3565 2309 4062 2410 tragvpfflon,

2048 2422 2239 2511 haec
2276 2428 2418 2512 esse
2452 2427 2731 2538 nequit.

1831 2543 1869 2633 3
1926 2531 2392 2641 Ξεὼκσηενα
2430 2555 2643 2670 soliis
2708 2552 3013 2660 neruosis
3070 2548 3169 2635 Β.
3223 2549 3389 2661 pin.
3462 2571 3578 2652 27
3590 2573 3674 2654 ς.

1534 2668 1731 2757 Icon
1795 2685 2057 2764 LOBF.
2062 2665 2352 2770 LIANA
2404 2682 2532 2766 sub
2601 2668 3076 2785 Sconsonerae
3111 2676 3421 2763 alterius
3470 2682 3791 2764 nomine
3824 2684 4055 2774 exhi-

1406 2797 1613 2904 bita,
1685 2825 1918 2912 quam
1985 2795 2083 2883 C.
2154 2795 2670 2891 BAUHINUS
2713 2801 3036 2913 allegat,
3099 2822 3393 2889 tantum
3461 2809 3540 2889 in
3576 2834 3677 2893 eo
3743 2809 4051 2925 differt,

1405 2864 1615 3038 quod
1683 2929 1931 3039 plures
2012 2926 2234 3012 solito
2291 2924 2517 3010 flores
2549 2927 2907 3015 exhibeat
2945 2951 3082 3039 ‚at
3112 2935 3292 3016 icon
3377 2934 4056 3028 MORISONIANA

1404 3055 1611 3141 Tab.
1634 3082 1744 3158 9.
1785 3051 1988 3140 ὃεᾶ.
2032 3073 2118 3154 7.
2139 3080 2219 3138 n.
2271 3077 2411 3132 10.
2469 3056 2876 3142 vnifloram
2917 3059 2968 3143 s
2972 3058 3132 3169 st1t
3152 3062 3270 3163 vti
3301 3069 4057 3150 BUXBAUMIANA.

1168 3296 1174 3303 Q
1222 3220 1227 3225 ·
1402 3193 1607 3273 RAII
1657 3185 2062 3294 descriptio
2125 3205 2526 3267 numerum
2578 3185 2862 3272 florum
2930 3188 3092 3273 filet
3126 3222 3160 3295 ,·
3217 3184 3505 3271 nostrae
3539 3204 3796 3268 tamen
3832 3185 4050 3297 plan-

1401 3328 1529 3392 tae
1590 3315 1943 3423 congruit
1976 3376 2000 3416 ‚
2068 3309 2514 3425 praesertim
2575 3338 2674 3396 eo
2713 3381 2739 3423 ,
2804 3316 3006 3426 quod
3071 3315 3246 3399 solia
3343 3311 3852 3426 Tragopogoni
3950 3314 4051 3398 fi-

1402 3437 1623 3537 milia
1684 3442 2085 3552 praedicet.
2253 3437 2388 3523 Ne
2452 3441 2698 3551 itaque
2759 3446 2841 3529 in
2904 3469 2988 3528 re
3047 3444 3273 3527 dubia
3335 3443 3808 3549 peritioribus
3903 3441 4055 3526 ali-

1401 3567 1565 3677 quis
1626 3588 2017 3654 remaneat
2080 3566 2458 3678 scrupulus
2484 3634 2511 3674 ‚
2574 3567 3156 3681 destriptionem
3222 3569 3591 3653 addimus.

1523 3698 1785 3785 Radix
1851 3696 2237 3782 lactescens
2293 3720 2443 3804 pro
2510 3722 2726 3781 more
2760 3765 2785 3805 ,
2848 3699 3306 3811 semipedalis
3386 3716 3465 3778 et
3526 3697 3988 3785 dodrantalis
4014 3768 4051 3812 ,

1393 3824 1616 3932 digiti
1684 3827 2103 3911 auricularis
2136 3890 2164 3932 ,
2229 3824 2607 3910 interdum
2673 3846 2753 3909 et
2817 3828 3114 3937 pollicis
3145 3825 3458 3912 craffitie
3491 3888 3514 3932 ,
3575 3827 3866 3910 cortice
3900 3832 4052 3913 ob-

1391 3954 1592 4036 scure
1656 3952 1859 4037 flisco
1890 4021 1914 4061 ,
1975 3953 2212 4038 craffo
2249 4018 2273 4056 ,
2338 3974 2703 4062 perquam
2766 3955 3020 4041 scabno
3055 4023 3080 4066 ,
3145 3957 3525 4039 interdum
3595 3954 3829 4075 etiam
3882 3961 4046 4042 lae-

1391 4080 1700 4166 viffimo
1733 4148 1755 4189 ‚
1795 4083 2000 4167 testa
2040 4148 2065 4189 ,
2102 4080 2409 4165 interius
2453 4081 2620 4165 alba
2662 4150 2684 4186 ,
2753 4086 2960 4194 gustu
3023 4085 3255 4175 dulcis
3290 4147 3313 4191 ,
3378 4100 3502 4165 aut
3590 4079 3969 4169 subamara
4011 4151 4046 4195 ,

1385 4226 1517 4292 aut
1548 4228 1841 4319 amara,
1876 4210 2247 4321 simplex,
2280 4229 2406 4291 aut
2442 4209 2777 4319 interim,
2814 4237 3352 4323 nonnunquam
3384 4207 3627 4292 etiam
3664 4207 4040 4321 superius,

1300 4404 1303 4407 Α
1384 4337 1471 4421 in
1532 4339 1721 4443 duos
1783 4359 2021 4424 tresue
2085 4362 2344 4423 ramos
2405 4336 2689 4449 diuisa,
2753 4359 2833 4423 et
2897 4342 3285 4453 perpaucis
3343 4338 3685 4423 tenuibus
3779 4337 4045 4427 breui-—

1252 4526 1255 4529 «
1383 4432 1664 4577 busque
1732 4466 1940 4551 fibris
2008 4468 2341 4577 praedita
2406 4467 2584 4551 est.

1504 4595 1721 4681 Folia
1802 4597 2143 4686 radicalia
2245 4594 2561 4711 multa,
2625 4600 2707 4684 in
2778 4596 3175 4688 humiliori
3241 4596 3508 4715 planta
3599 4592 4040 4806 admoggm

3777 4747 3830 4807 v
3938 4745 4042 4806 u-
