4378 5721
1412 539 1609 717 17'6
2003 603 2152 700 W.
2225 595 2805 746 Frontem
2871 591 3470 700 RAmATtS.

1536 833 1795 924 Caulis
1852 838 2116 923 vnicus
2169 837 2278 921 est
2315 898 2339 947 ,
2404 854 2603 922 teres
2635 900 2666 950 ,ἱ
2732 862 2876 948 pro
2936 836 3350 921 annositate
3417 834 3746 947 plantae
3815 809 4048 918 df'mi-

1402 967 1627 1052 diam
1729 986 1809 1050 et
1907 967 2284 1078 integram
2354 983 2433 1048 et
2493 964 3020 1075 sesquiunciam
3122 965 3387 1049 craffins‘
3422 1032 3445 1073 ,
3507 967 3588 1047 in
3653 963 4060 1047 iunioribus

1418 1095 1689 1206 plantis
1751 1095 2033 1179 succida
2097 1092 2422 1178 medulla
2497 1093 2765 1176 fitrstus
2799 1159 2821 1201 ,
2885 1095 2984 1175 'in
3044 1092 3550 1178 annofioribus
3649 1089 3997 1175 fisttflofus
4035 1103 4074 1194 ‚‘

1418 1224 1671 1308 albide
1702 1223 1955 1307 viridis
1990 1288 2015 1329 ,
2050 1223 2336 1305 striatus
2372 1285 2398 1326 ,
2464 1223 2801 1305 cubitalis
2834 1241 2915 1304 et
2970 1221 3192 1305 altior
3225 1287 3251 1327 ,
3315 1219 3583 1333 passim
3623 1284 3649 1328 ,
3717 1220 4063 1302 maxime

1423 1375 1614 1436 vero
1676 1353 1870 1435 circa
1934 1349 2307 1434 foliorum
2374 1368 2729 1434 exortum
2769 1414 2793 1458 ‚
2859 1350 3201 1456 lanugine
3237 1350 3564 1433 vestitus.

1555 1479 1767 1564 folia
1827 1478 2113 1572 caulina
2179 1477 2568 1560 numeroia
2665 1476 2828 1561 sunt
2865 1541 2888 1582 ,
2953 1475 3109 1559 fine
3176 1479 3440 1560 ordine
3499 1474 3851 1586 dispofita
3879 1539 3907 1580 ,
3975 1472 4066 1567 ad

1426 1606 1840 1692 dimidium
1907 1630 2137 1716 vsque
2201 1605 2497 1689 caulem
2562 1627 2701 1688 ex·
2733 1615 2979 1687 ouato'
3049 1603 3463 1689 lanceolata
3499 1670 3525 1712 ,
3622 1601 3815 1687 infra
3881 1626 4068 1686 con-

1423 1735 1839 1840 trastiora,
1905 1730 2118 1844 supra
2182 1734 2402 1817 valde
2467 1750 2975 1840 mucronata,
3041 1731 3122 1814 in
3185 1723 3533 1816 adultiori
3614 1734 3866 1841 planta
3932 1732 4069 1815 do·

1427 1864 1835 1964 drantem‚
1900 1864 1978 1946 in
2043 1863 2316 1946 iuniori
2385 1861 2733 1971 palmum
2806 1860 3095 1971 longa,
3176 1862 3260 1945 in
3325 1860 3450 1945 illa
3511 1859 3927 1971 palmum,
3991 1859 4069 1941 in

1426 1989 1571 2076 hac
1637 1988 2164 2101 sesquiunciam
2231 1989 2444 2096 lata,
2508 1986 2717 2100 supra
2782 1987 2863 2070 in
2926 1989 3049 2072 illa
3113 1985 3407 2095 lature,
3469 1988 3547 2071 in
3612 1988 3755 2072 hac
3805 2011 3909 2069 ex
3942 1988 4072 2071 fia-'

1430 2099 1538 2202 vo
1572 2119 1882 2223 viridia,
1920 2120 2234 2201 nitentia
2256 2117 2621 2225 ‚glabra,
2653 2140 2806 2198 non
2844 2141 3017 2201 raro
3052 2117 3294 2200 etiam
3332 2113 3599 2227 passim
3652 2113 4070 2258 lanuginofi

1431 2244 1747 2357 pulchre
1780 2243 2095 2348 venosa,
2117 2245 2410 2328 ambitu
2446 2236 2734 2351 serrata,
2756 2244 2946 2329 infra
2980 2244 3336 2354 lanugine
3358 2244 3706 2327 candida
3703 2261 3782 2324 et
3816 2244 4072 2326 incana

1431 2375 1757 2480 vestita,
1797 2374 2238 2457 notabiliter
2267 2369 2520 2454 crass‘a.
2558 2368 2710 2456 Sed
2742 2397 2789 2454 a
2823 2372 3090 2456 medio
3121 2373 3328 2457 caule
3361 2368 3536 2455 iblia
3607 2370 3857 2453 multo
3924 2367 4074 2455 sunt

1431 2504 1777 2607 minora,
1813 2501 1962 2584 basi
1998 2500 2141 2584 lata
2160 2498 2509 2609 ,petiolis
2538 2497 2978 2584 inferiorum
3011 2501 3237 2586 instar
3266 2495 3607 2584 destituta
3624 2496 4044 2610 ,longiuscu

1428 2629 1514 2715 lo
1551 2627 1889 2712 filiformi
1923 2651 2294 2712 mucrone
2331 2631 2787 2734 terminata,
2803 2629 3099 2713 ambitu
3129 2629 3658 2738 integerrima,
3674 2650 3721 2708 e
3749 2625 4073 2736 quoi-um

1423 2757 1882 2868 singulorum
1916 2758 2048 2839 alis
2083 2755 2485 2867 pedunculi
2519 2775 2804 2838 exeunt
2839 2757 3274 2866 lanugiuofi,
3294 2772 3627 2866 pennam
3663 2752 4070 2842 anserinam

1428 2885 1639 2970 craffi
1658 2952 1680 2991 ‚
1716 2910 1871 2968 vna
1903 2903 1981 2966 et
2013 2884 2243 2966 altera
2281 2881 2510 2990 ligula
2541 2882 2792 2966 vestiti
2827 2948 2853 2990 ,
2888 2883 3264 2993 simplices
3293 2902 3419 2968 aut
3455 2882 3671 2966 bifidi
3691 2948 3715 2989 ,
3729 2877 4074 2967 ‘diuersae

1292 3122 1295 3126 Α
1418 3011 1905 3116 altitudinis,
1957 3028 2049 3092 vt
2113 3028 2404 3092 tamen
2436 3007 2767 3120 plerique
2829 3012 2910 3095 in
2961 3007 3408 3097 summitate
3464 3012 3696 3095 caulis
3753 3012 3833 3095 in
3866 3011 4075 3098 idem

1432 3138 1760 3255 planum
1823 3136 2311 3244 coincidant,
2392 3160 2718 3246 quorum
2791 3137 3082 3247 singulis
3155 3138 3595 3250 singulisque
3629 3160 3902 3223 eorum
3971 3164 4074 3224 ta-

1422 3268 1592 3356 mis
1657 3265 1921 3375 finguli
1982 3264 2210 3348 flores
2269 3263 2622 3350 infistunt.
2741 3277 3302 3359 STELLERUS
3349 3268 3446 3353 ab
3507 3290 3672 3353 vno
3731 3267 3830 3352 ad
3859 3269 4049 3379 quin

1426 3419 1588 3506 que
1651 3412 2023 3477 numerat.

1382 3640 1389 3647 .
1575 3522 1831 3607 mores
1887 3521 2266 3630 eleganter
2323 3518 2563 3629 lutei,
2628 3522 3012 3607 diametro
3074 3520 3689 3634 mundam,
3780 3519 4087 3608 Helenii

1443 3649 1753 3741 floribus
1814 3652 2074 3733 colore
2137 3667 2216 3730 et
2244 3651 2798 3759 magnitudine
2897 3648 3201 3735 smiles.
3335 3650 3661 3740 Flolculi
3723 3650 3805 3735 in
3871 3654 4090 3763 quin·-

1438 3803 1589 3924 que
1649 3778 1946 3862 lacinias
2000 3795 2353 3888 patentes
2416 3777 2625 3887 supra
2689 3776 2900 3861 diuifi
2938 3842 2968 3883 ‚
3067 3781 3392 3892 quinque
3465 3781 3714 3887 albis,
3783 3782 3922 3864 aut'
3983 3782 4091 3865 le·

1445 3907 1647 3990 viter
1728 3904 2246 3993 lutescentibus
2336 3905 2749 3989 filamentis
2835 3903 3193 3992 distinctis
3228 3975 3254 4017 ‚
3313 3929 3397 3992 et
3458 3908 3786 3993 totidem
3883 3907 4092 3993 fuscis

1444 4033 1779 4119 antheris
1810 4098 1837 4141 ,
1907 4036 1987 4116 in
2049 4032 2311 4117 tubam
2377 4035 2517 4116 vix
2550 4032 3113 4118 cohaerentibus
3145 4098 3171 4140 ,
3232 4034 3384 4121 stre
3409 4017 3793 4145 triangulis
3809 4098 3833 4143 ,
3864 4061 4096 4120 com·

1449 4160 1706 4274 preffis
1740 4226 1763 4267 ,
1822 4163 2054 4247 acutis
2090 4227 2115 4268 ‚
2178 4160 2370 4245 foeti
2430 4157 2623 4249 sunt.
2754 4159 3255 4247 Semiflostuli
3323 4190 3471 4275 pro
3500 4187 3730 4249 more
3776 4161 4100 4249 foemek-

1442 4291 1562 4381 lae
1622 4289 1965 4398 lingulati
2031 4289 2192 4372 sunt
2229 4356 2270 4397 ,.
2319 4291 2397 4371 in
2457 4309 2818 4374 extremo
2876 4287 3118 4373 obtufi
3153 4357 3178 4398 ,
3239 4290 3408 4386 (fiad
3466 4291 3881 4377 filamentis
3912 4314 4100 4402 qm·

1436 4434 1633 4512 ,tuor
1696 4417 1968 4502 obtufis
2000 4484 2024 4525 ,
2057 4416 2396 4501 subulatis
2431 4482 2455 4523 ,
2492 4418 2853 4502 sterilibus
2885 4413 3076 4499 foeti
3107 4480 3133 4522 ,
3170 4428 3633 4522 KRASCH.)
3692 4438 3773 4502 et
3818 4416 4103 4503 floscu-

1418 4542 1707 4649 Jorum
1750 4545 1996 4648 ,instar
2054 4546 2522 4663 germinibus
2577 4547 2999 4637 innituntur
3036 4607 3062 4653 ,
3141 4547 3319 4662 pilis
3380 4547 3713 4643 candidis
3811 4544 4117 4631 (erioeis

3874 4672 4117 4773 fisbti-
