4378 5721
1329 617 1396 691 6
2012 607 2082 695 1.
2149 597 3302 693 SEMIFLOSCVLOSAE.
3321 615 3328 622 “

1456 834 1809 922 Nascitur
1870 861 1914 920 a
1976 834 2177 922 laico
2244 839 2618 921 orientem
2687 833 2932 920 versus
2990 837 3087 921 ad
3158 826 3515 947 leniseam
3579 863 3806 953 Vsque
3841 843 3985 954 ‚in

1330 965 1513 1051 locis
1580 968 1918 1077 apertiS,
1981 967 2132 1049 iam
2205 966 2327 1050 sub
2383 969 2687 1050 initium
2757 965 2951 1050 Maii
3010 965 3315 1050 florens.

1460 1127 1552 1200 4.
1623 1090 2390 1183 SCORZONERA
2453 1095 2660 1180 caule
2721 1091 3108 1238 ramoso,
3169 1094 3370 1180 foliis
3465 1098 3980 1209 amplexicau

1721 1223 1969 1330 libus,
2041 1222 2418 1309 errulatis.

1844 1289 2310 1437 Sc’orzonera
2342 1348 2658 1470 latisosza
2688 1353 3000 1469 sauma
3034 1348 3135 1436 B.
3166 1355 3327 1466 pin.
3379 1372 3486 1454 27
3499 1376 3581 1455 5.
3615 1369 3977 1450 Totum

1974 1479 2043 1565 1.
2111 1481 2185 1568 R
2288 1482 2392 1565 H.
2462 1488 2679 1586 476.
2747 1486 2836 1566 it.
2897 1477 3363 1568 Scorzonera
3421 1481 3734 1600 latifiilia
3799 1483 3994 1571 alte-

1978 1605 2209 1695 raB.
2265 1615 2432 1724 pin.
2480 1631 2686 1713 275.
2749 1628 2832 1695 et
2889 1616 3260 1702 TOURN.
3313 1607 3386 1695 1.
3452 1614 3557 1700 R.
3627 1611 3734 1694 H.
3772 1621 3990 1717 476.

1739 1798 1743 1802 .
1858 1738 2332 1827 Scorzonera
2411 1738 2746 1852 vagaris
2821 1750 2899 1826 et
2958 1738 3396 1850 ffcinatm
3457 1753 3808 1851 VAILL.
3837 1743 3986 1832 act.
4011 1809 4024 1816 -

1994 1886 2164 1971 172
2185 1894 2263 1951 1.
2311 1884 2401 1983 p.
2475 1891 2682 1972 270.

1854 1996 2318 2086 Scorzonera
2381 1998 2586 2085 caule
2643 1989 2974 2113 ramoffi,
3045 1992 3260 2117 foliis
3352 1995 3992 2115 amplexicaulibus

1998 2125 2358 2216 undulatis
2477 2142 2727 2224 LINN.
2800 2126 2883 2216 b.
2949 2125 3162 2246 Clzjff.
3267 2141 3489 2238 383
3586 2145 3826 2227 ROY.
3864 2149 3994 2248 pr·

1368 2407 1377 2420 '
1487 2385 1888 2477 Sinuositas
1944 2281 2301 2471 ῶιὶἰέξιιιῃ
2367 2384 2562 2471 nihil
2621 2385 2957 2472 omnino
3033 2383 3129 2470 ad
3189 2385 3766 2473 distinctionem
3838 2387 3998 2500 spe·

1356 2521 1501 2606 tiei
1550 2516 1805 2625 facit,
1876 2519 1988 2600 vti
2056 2519 2714 2607 vAlLLANTms
2763 2516 2920 2598 iam
2983 2512 3364 2598 stabiliuit.
3451 2517 3714 2607 Etiam
3753 2519 4003 2602 latitu-

1351 2649 1469 2733 do
1530 2646 1957 2731 admodum
2040 2644 2304 2726 variat.
2429 2642 2613 2727 Vidi
2690 2639 3045 2751 profe&o
3141 2642 3555 2751 specimina
3595 2712 3618 2753 ‚
3684 2647 3781 2730 de
3841 2645 4008 2756 qui·
4129 2653 4142 2666 ‘

1166 2762 1174 2770 ’
1355 2774 1497 2862 bus
1574 2774 1893 2859 dubium
1959 2774 2130 2877 est,
2198 2771 2294 2853 ad
2356 2769 2599 2876 hanc,
2664 2793 2763 2850 an
2823 2770 2921 2851 ad
2983 2770 3576 2876 praecedentem
3669 2772 4007 2906 speciem
4069 2868 4082 2873 -

1354 2907 1817 3015 pertineant.
1949 2898 2307 3007 Denique
2371 2894 2587 3006 saepe
2654 2896 2890 2979 etiam
2961 2896 3150 2978 haec
3184 2896 3452 3005 species
3481 2905 3806 2987 occurrit
3837 2931 4014 2993 cau

1362 3033 1445 3117 le
1507 3033 1648 3113 vix
1712 3027 2080 3137 ramos03
2176 3025 2368 3139 Quo
2430 3025 2642 3108 enim
2733 3022 2990 3108 solum
3073 3025 3476 3171 pinguius,
3537 3055 3635 3113 eo
3695 3032 4012 3118 latitudo

1346 3144 1455 3244 *et
1516 3156 1893 3246 finuofitas
1952 3153 2311 3238 foliorum
2376 3172 2457 3236 et
2519 3152 2901 3237 ramofitas
2957 3154 3269 3261 maior,
3316 3173 3409 3237 et
3469 3178 3765 3243 contra.
3850 3163 4013 3249 Ra-

1378 3310 1558 3372 mos
1621 3305 1941 3392 autem,
2009 3286 2139 3393 qui
2204 3284 2511 3366 vnicum
2595 3299 2943 3373 tantum
2960 3282 3039 3364 in
3095 3300 3459 3368 extremo
3556 3288 3839 3373 florem
3903 3293 4014 3375 fe-

1354 3422 1593 3521 runt,
1652 3438 1808 3524 ego
1873 3413 2186 3523 quidem
2252 3433 2400 3522 pro
2466 3412 2900 3520 pedunculis
2960 3409 3234 3493 habere
3286 3413 3629 3500 mallem.
3757 3401 4018 3532 Qlare

1380 3544 1748 3628 botanicis
1807 3566 2166 3652 propono
2202 3607 2226 3650 ‚
2259 3564 2357 3623 an
2419 3563 2575 3623 non
2667 3539 2886 3621 liceat
2949 3536 3142 3621 hanc
3239 3559 3316 3623 et
3376 3545 3720 3654 priorem
3800 3547 4010 3657 plan.

1348 3691 1548 3756 ‘tam
1585 3668 1712 3754 sub
1772 3694 1925 3754 vna
1987 3670 2408 3779 eademque
2467 3666 2706 3785 specie
2731 3668 3093 3776 jungere.
3226 3663 3420 3752 Sane
3454 3683 4011 3779 HALLERUS.

1352 3803 1469 3887 ‘ad
1535 3823 1768 3913 quem
1839 3800 2424 3909 praecedentem
2485 3786 2825 3908 plantam
2892 3794 3059 3880 misi
3095 3858 3119 3902 ,
3182 3793 3414 3880 habet
3455 3836 3464 3845 ·
3476 3822 3623 3907 pro
3684 3797 4018 3885 Germa-

1342 3950 1361 3983 *⁴
1382 3936 1553 4016 nica
1616 3926 2091 4043 argfflisblia.

1510 4059 1591 4141 A
1658 4056 1857 4141 laico
1921 4058 2014 4139 ad
2081 4055 2299 4138 Irtim
2360 4076 2588 4164 vsque
2656 4052 2976 4136 fluuium
3058 4051 3328 4162 paffim
3425 4053 3750 4138 occurrit
3787 4120 3812 4163 ,
3874 4081 4018 4143 nee

1386 4190 1466 4271 in
1534 4183 1782 4273 Ruffia
1822 4179 2231 4295 Petropolin
2268 4206 2497 4294 vsque
2565 4184 2960 4291 peregrina
3024 4181 3130 4264 est
3172 4210 3195 4292 3
3264 4178 4020 4297 Latzfoliaestnuatae

1390 4315 1701 4429 pulchra
1766 4310 2165 4422 specimina
2227 4312 2320 4394 ad
2388 4311 2635 4393 lacum
2729 4308 3121 4424 Tre-tylam
3224 4308 3549 4393 lsetenfis
3584 4313 4022 4418 prouinciae

1391 4446 1701 4552 collegit
1762 4450 2198 4529 MARTINI.
2246 4448 2798 4527 STELLERUS
2849 4439 3085 4522 etiam
3146 4438 3230 4519 in
3291 4435 3415 4522 FI.
3481 4436 3626 4522 Irc-
3674 4465 3754 4522 n.
3798 4459 4019 4546 709.

1397 4573 1898 4656 Scorzonerae
1965 4564 2314 4678 latifoliae
2374 4562 2678 4648 alterius
2744 4565 2843 4649 Β.
2911 4567 3072 4677 pin.
3140 4566 3503 4652 meminit
3534 4629 3562 4675 ,
3620 4569 3838 4653 cuius
3903 4568 4023 4657 fo-

3873 4780 3894 4807 „
3923 4700 4028 4786 lia
