4378 5721
1280 571 1954 670 TRIC'OCC'AE
2761 598 2989 683 ωρ-
3039 669 3045 676 ,

429 806 536 898 In
597 799 894 926 Uaenfi
952 807 1344 922 prouincia
1405 836 1450 897 a
1513 811 1718 899 laico
1778 807 1997 896 Irtim
2064 796 2312 889 vetfim
2343 800 2723 919 nascitur5
2745 801 2959 895 hunc

297 954 564 1030 tamen
623 964 790 1030 non
850 940 1336 1051 attingit..

421 1069 593 1184 ng.
669 1094 754 1153 1.
816 1069 1233 1178 iuuenem,
1305 1096 1392 1154 2.
1457 1065 1796 1155 adultam
1861 1062 2206 1195 plantam
2269 1064 2673 1205 exprimit.

421 1283 477 1363 a
491 1325 514 1349 .
573 1260 1225 1357 EUPHORBIA
1285 1259 1490 1350 foliis
1545 1262 1852 1375 oblique
1911 1256 2241 1348 cordatis
2276 1329 2302 1372 ‚
2399 1258 2904 1377 integenimis
2926 1323 2967 1372 ,

675 1391 916 1480 ramis
975 1394 1283 1482 alternis
1307 1458 1333 1499 ‚
1395 1392 1611 1506 saepe
1681 1385 2162 1499 vmbenatis,
2267 1388 2628 1479 stustibus
2686 1415 3013 1478 verm..

676 1521 893 1610 tofis.
959 1522 1164 1611 Tab.
1222 1517 1489 1610 XCV.
1556 1521 1727 1634 Fig.
1801 1544 1893 1601 ι.

418 1715 685 1807 Radix
746 1714 1202 1830 am'pliffima
1238 1782 1265 1827 ‚
1327 1709 1668 1803 tuberoffi
1701 1779 1733 1825 ,
1794 1711 2129 1829 oblonga
2164 1782 2193 1826 ‚
2262 1736 2554 1832 pyrum
2619 1733 2747 1805 aut
2812 1739 2946 1803 na·

292 1865 490 1957 pum
552 1843 802 1932 foruna
870 1843 1193 1932 referens
1226 1913 1252 1954 ‚
1290 1845 1526 1932 'fibris
1607 1842 1862 1956 paucis
1895 1910 1922 1953 ,
1986 1843 2264 1958 paffim
2369 1843 2949 1958 propullulanti-

294 1971 436 2059 bus
465 2035 490 2083 ‚
558 1974 773 2059 audla
807 2042 834 2084 ‚
897 1973 1079 2060 foris
1138 1972 1328 2061 fusca
1357 2042 1387 2084 ,
1450 1998 1614 2087 quo
1692 1971 1953 2059 colore
2014 1973 2278 2060 abralb
2352 1973 2712 2088 5spadicea
2775 1974 2889 2059 est
2919 2038 2953 2084 ,

291 2101 496 2193 intus
551 2100 942 2190 substantia
1005 2104 1399 2192 medullari
1459 2100 1631 2190 a'lba
1691 2098 1925 2187 saraa
1956 2166 1983 2211 ‚
2052 2101 2354 2191 succum
2419 2127 2526 2191 ex
2594 2101 2776 2188 albo
2827 2104 2946 2203 vi-

287 2248 599 2316 rentem
668 2232 985 2320 lauciata
1069 2231 1383 2323 fimdens
1413 2298 1451 2344 ,
1536 2227 2003 2347 glutinofilm
2041 2293 2078 2341 ,
2171 2229 2408 2320 valde
2503 2233 2800 2324 lentum
2863 2246 2953 2318 et

290 2380 585 2450 actem.

406 2528 692 2639 Caules
754 2551 1053 2658 ετοᾶἰ,
1115 2550 1676 2663 fizmipedaloe,
1716 2551 2199 2638 dodrantales
2254 2569 2338 2636 et
2397 2550 2745 2663 pedaleS,
2762 2553 2951 2642 imo

284 2706 434 2792 pro
496 2683 759 2767 aetatis
820 2682 1122 2764 ratione
1186 2677 1630 2792 longiores,
1690 2695 2012 2789 teretes,
2075 2679 2406 2766 medulla
2469 2679 2747 2793 farsti,
2815 2683 2943 2767 vi·

288 2811 493 2896 rides
526 2867 552 2918 ,
619 2809 842 2923 pilofi
905 2824 989 2892 et
1052 2805 1308 2894 sttiati

425 3005 640 3092 Folia
717 3003 1012 3091 alterno
1073 3002 1338 3089 ordine
1400 3000 1490 3086 in
1544 3001 1759 3089 caule
1818 3000 2236 3117 dispofita,
2297 3003 2600 3116 oblique
2676 3002 2951 3090 corda-

292 3151 435 3241 ta,
468 3133 781 3238 seffilia,
819 3137 1176 3243 integra,
1217 3114 1737 3241 obtufiffima,
1802 3157 1967 3216 non
2019 3132 2444 3218 admodum
2479 3108 2953 3245 fiequenna,

293 3263 630 3372 viridia,
695 3263 796 3347 ad
859 3284 1032 3344 oras
1092 3283 1634 3372 nonnunquam
1693 3261 2091 3369 mbentia,
2163 3258 2467 3372 pilosa.

429 3457 665 3545 Rami
725 3482 768 3540 a
829 3451 1145 3540 dimidia
1208 3467 1337 3534 aut
1397 3474 1468 3533 a.
1506 3457 1724 3540 tertia
1785 3473 2139 3541 extrema
2204 3455 2818 3566 patte„vnciales
2854 3474 2939 3543 et

288 3581 852 3695 sesquiunciales
886 3649 910 3692 ,
973 3603 1298 3694 quorum
1372 3576 1668 3688 fingulis
1698 3585 1776 3667 iu
1814 3607 2175 3670 extremo
2208 3585 2363 3670 duo
2395 3582 2647 3670 foliola
2681 3583 2936 3670 subro-

288 3713 523 3797 tunda
566 3777 590 3820 ‚
650 3709 1065 3821 fiepiffime
1130 3702 1503 3818 profimde
1569 3711 1869 3797 exstifla
1905 3778 1930 3820 ,
2012 3737 2561 3823 nonnunquam
2644 3711 2947 3824 integra

285 3840 614 3928 infident
649 3908 674 3949 ,
769 3839 1188 3950 iisdemque
1288 3831 1655 3923 flostulus.
1787 3841 2051 3957 Quum
2114 3860 2368 3924 autem
2435 3840 2513 3922 in
2573 3858 2941 3926 extremo

282 3968 500 4054 caule
557 3969 979 4053 admodum
1047 3979 1643 4073 coaceruentur,
1708 3963 1983 4076 species
2048 3966 2432 4053 vmbellae
2500 3992 2743 4080 vagae
2793 3968 2946 4054 ibi-

278 4097 520 4182 dem
568 4094 956 4181 formatur.
1093 4087 1353 4177 Flores
1413 4092 1684 4203 petalis
1741 4091 2209 4182 subrotundis
2270 4098 2594 4272 quinque
2656 4097 2943 4184 confla-

284 4226 418 4334 ti,
484 4223 757 4309 studius
818 4222 1147 4335 hispidos
1207 4219 1378 4333 post
1433 4220 1506 4303 st.
1540 4224 1991 4337 relinquunt.

419 4414 561 4502 Ab
617 4416 770 4504 Irti
827 4415 1068 4521 fluuio
1132 4417 1227 4503 ad
1288 4435 1732 4508 oceanum
1763 4443 2002 4531 Vsque
2096 4414 2561 4504 orientalem
2650 4416 2947 4533 vbiquo

287 4562 455 4736 tam
516 4547 601 4637 in
660 4543 971 4663 palustri
1027 4564 1106 4633 et
1168 4545 1365 4636 ficco
1427 4545 1711 4780 biangi
1772 4545 1935 4637 solo
1973 4614 2000 4664 ‚
2062 4569 2298 4667 quam
2357 4547 2442 4638 in
2468 4545 2661 4636 locis
2703 4574 2952 4768 1233
3048 4734 3052 4739 .
