<?xml version="1.0" encoding="UTF-8"?>
<!DOCTYPE html PUBLIC "-//W3C//DTD XHTML 1.0 Transitional//EN"
    "http://www.w3.org/TR/xhtml1/DTD/xhtml1-transitional.dtd">
<html xmlns="http://www.w3.org/1999/xhtml" xml:lang="en" lang="en">
 <head>
  <title>
</title>
<meta http-equiv="Content-Type" content="text/html;charset=utf-8" />
  <meta name='ocr-system' content='tesseract 3.04.00' />
  <meta name='ocr-capabilities' content='ocr_page ocr_carea ocr_par ocr_line ocrx_word'/>
</head>
<body>
  <div class='ocr_page' id='page_1' title='image "./florasibiricasi00gmelgoog_0262.png"; bbox 0 0 4378 5721; ppageno 0'>
   <div class='ocr_carea' id='block_1_1' title="bbox 1355 879 4043 1447">
    <p class='ocr_par' dir='ltr' id='par_1_1' title="bbox 1355 879 4043 1447">
     <span class='ocr_line' id='line_1_1' title="bbox 1355 879 4041 1062; baseline -0 -28"><span class='ocrx_word' id='word_1_1' title='bbox 1355 950 1672 1034; x_wconf 79' lang='lat' dir='ltr'>deunte</span> <span class='ocrx_word' id='word_1_2' title='bbox 1681 946 1982 1031; x_wconf 88' lang='lat' dir='ltr'>ramulo</span> <span class='ocrx_word' id='word_1_3' title='bbox 2016 947 2404 1060; x_wconf 72' lang='lat' dir='ltr'>simplici,</span> <span class='ocrx_word' id='word_1_4' title='bbox 2434 965 2567 1032; x_wconf 86' lang='lat' dir='ltr'>aut</span> <span class='ocrx_word' id='word_1_5' title='bbox 2600 947 2653 1032; x_wconf 83' lang='lat' dir='ltr'>fi</span> <span class='ocrx_word' id='word_1_6' title='bbox 2688 879 3430 1062; x_wconf 67' lang='lat' dir='ltr'>mauis,pedunc1sso</span> <span class='ocrx_word' id='word_1_7' title='bbox 3466 946 3719 1035; x_wconf 80' lang='lat' dir='ltr'>variae</span> <span class='ocrx_word' id='word_1_8' title='bbox 3748 953 4041 1033; x_wconf 79' lang='lat' dir='ltr'>admo-</span> 
     </span>
     <span class='ocr_line' id='line_1_2' title="bbox 1369 1071 4043 1187; baseline -0.001 -25"><span class='ocrx_word' id='word_1_9' title='bbox 1369 1077 1564 1162; x_wconf 90' lang='lat' dir='ltr'>dum</span> <span class='ocrx_word' id='word_1_10' title='bbox 1601 1074 2007 1162; x_wconf 80' lang='lat' dir='ltr'>altitudinis</span> <span class='ocrx_word' id='word_1_11' title='bbox 2070 1077 2839 1187; x_wconf 80' lang='lat' dir='ltr'>vncia1i,biuncia1i,</span> <span class='ocrx_word' id='word_1_12' title='bbox 2899 1076 3316 1184; x_wconf 88' lang='lat' dir='ltr'>triunciali,</span> <span class='ocrx_word' id='word_1_13' title='bbox 3365 1076 3743 1161; x_wconf 75' lang='lat' dir='ltr'>interdum</span> <span class='ocrx_word' id='word_1_14' title='bbox 3808 1094 3891 1160; x_wconf 85' lang='lat' dir='ltr'>et</span> <span class='ocrx_word' id='word_1_15' title='bbox 3923 1071 4043 1169; x_wconf 76' lang='lat' dir='ltr'>se-</span> 
     </span>
     <span class='ocr_line' id='line_1_3' title="bbox 1376 1196 4039 1317; baseline -0 -26"><span class='ocrx_word' id='word_1_16' title='bbox 1376 1207 1711 1291; x_wconf 90' lang='lat' dir='ltr'>miuncia</span> <span class='ocrx_word' id='word_1_17' title='bbox 1743 1203 2038 1291; x_wconf 89' lang='lat' dir='ltr'>minori</span> <span class='ocrx_word' id='word_1_18' title='bbox 2056 1230 2259 1316; x_wconf 90' lang='lat' dir='ltr'>,pro</span> <span class='ocrx_word' id='word_1_19' title='bbox 2292 1207 2499 1292; x_wconf 81' lang='lat' dir='ltr'>varia</span> <span class='ocrx_word' id='word_1_20' title='bbox 2531 1204 2826 1317; x_wconf 82' lang='lat' dir='ltr'>plantae</span> <span class='ocrx_word' id='word_1_21' title='bbox 2857 1205 3280 1292; x_wconf 80' lang='lat' dir='ltr'>altitudine.</span> <span class='ocrx_word' id='word_1_22' title='bbox 3346 1200 3444 1286; x_wconf 91' lang='lat' dir='ltr'>In</span> <span class='ocrx_word' id='word_1_23' title='bbox 3491 1196 3655 1315; x_wconf 79' lang='lat' dir='ltr'>iplb</span> <span class='ocrx_word' id='word_1_24' title='bbox 3699 1204 4039 1316; x_wconf 74' lang='lat' dir='ltr'>deniquo</span> 
     </span>
     <span class='ocr_line' id='line_1_4' title="bbox 1377 1330 4031 1447; baseline -0.001 -28"><span class='ocrx_word' id='word_1_25' title='bbox 1377 1332 1671 1447; x_wconf 72' lang='lat' dir='ltr'>fastigio</span> <span class='ocrx_word' id='word_1_26' title='bbox 1727 1331 1954 1419; x_wconf 82' lang='lat' dir='ltr'>caulis</span> <span class='ocrx_word' id='word_1_27' title='bbox 2017 1335 2267 1446; x_wconf 87' lang='lat' dir='ltr'>plures</span> <span class='ocrx_word' id='word_1_28' title='bbox 2328 1330 2545 1446; x_wconf 87' lang='lat' dir='ltr'>saepe</span> <span class='ocrx_word' id='word_1_29' title='bbox 2603 1334 2977 1419; x_wconf 84' lang='lat' dir='ltr'>eiusmodi</span> <span class='ocrx_word' id='word_1_30' title='bbox 3043 1335 3241 1420; x_wconf 83' lang='lat' dir='ltr'>rami</span> <span class='ocrx_word' id='word_1_31' title='bbox 3304 1353 3411 1417; x_wconf 83' lang='lat' dir='ltr'>ex</span> <span class='ocrx_word' id='word_1_32' title='bbox 3491 1340 3664 1417; x_wconf 78' lang='lat' dir='ltr'>&#39;vno</span> <span class='ocrx_word' id='word_1_33' title='bbox 3753 1349 4031 1421; x_wconf 83' lang='lat' dir='ltr'>centro</span> 
     </span>
    </p>
   </div>
   <div class='ocr_carea' id='block_1_2' title="bbox 1201 1445 4037 1575">
    <p class='ocr_par' dir='ltr' id='par_1_2' title="bbox 1201 1445 4037 1575">
     <span class='ocr_line' id='line_1_5' title="bbox 1201 1445 4037 1575; baseline -0 -28"><span class='ocrx_word' id='word_1_34' title='bbox 1201 1445 1214 1457; x_wconf 46' lang='lat'>⁸</span> <span class='ocrx_word' id='word_1_35' title='bbox 1372 1466 1817 1575; x_wconf 86' lang='lat' dir='ltr'>prodeunt,</span> <span class='ocrx_word' id='word_1_36' title='bbox 1880 1461 2145 1574; x_wconf 87' lang='lat' dir='ltr'>quibus</span> <span class='ocrx_word' id='word_1_37' title='bbox 2209 1464 2541 1547; x_wconf 79' lang='lat' dir='ltr'>totidem</span> <span class='ocrx_word' id='word_1_38' title='bbox 2628 1457 2922 1545; x_wconf 86' lang='lat' dir='ltr'>subsunt</span> <span class='ocrx_word' id='word_1_39' title='bbox 3002 1462 3240 1573; x_wconf 72' lang='lat' dir='ltr'>folia,</span> <span class='ocrx_word' id='word_1_40' title='bbox 3296 1455 3607 1545; x_wconf 82' lang='lat' dir='ltr'>caulinis</span> <span class='ocrx_word' id='word_1_41' title='bbox 3692 1457 4037 1566; x_wconf 72' lang='lat' dir='ltr'>similia,</span> 
     </span>
    </p>
   </div>
   <div class='ocr_carea' id='block_1_3' title="bbox 1285 1564 4032 3491">
    <p class='ocr_par' dir='ltr' id='par_1_3' title="bbox 1373 1564 4032 1832">
     <span class='ocr_line' id='line_1_6' title="bbox 1375 1564 4032 1703; baseline 0 -30"><span class='ocrx_word' id='word_1_42' title='bbox 1375 1589 1827 1703; x_wconf 86' lang='lat' dir='ltr'>plerumque</span> <span class='ocrx_word' id='word_1_43' title='bbox 1890 1607 2153 1679; x_wconf 87' lang='lat' dir='ltr'>tamen</span> <span class='ocrx_word' id='word_1_44' title='bbox 2210 1564 2506 1676; x_wconf 81' lang='lat' dir='ltr'>latiora.</span> <span class='ocrx_word' id='word_1_45' title='bbox 2637 1585 3039 1677; x_wconf 84' lang='lat' dir='ltr'>Interdum</span> <span class='ocrx_word' id='word_1_46' title='bbox 3098 1614 3290 1677; x_wconf 78' lang='lat' dir='ltr'>vero</span> <span class='ocrx_word' id='word_1_47' title='bbox 3345 1588 3585 1674; x_wconf 83' lang='lat' dir='ltr'>iidem</span> <span class='ocrx_word' id='word_1_48' title='bbox 3644 1592 3848 1674; x_wconf 80' lang='lat' dir='ltr'>rami</span> <span class='ocrx_word' id='word_1_49' title='bbox 3927 1586 4032 1674; x_wconf 82' lang='lat' dir='ltr'>ad</span> 
     </span>
     <span class='ocr_line' id='line_1_7' title="bbox 1373 1715 4026 1832; baseline -0 -29"><span class='ocrx_word' id='word_1_50' title='bbox 1373 1737 1825 1803; x_wconf 85' lang='lat' dir='ltr'>extremum</span> <span class='ocrx_word' id='word_1_51' title='bbox 1884 1743 2117 1832; x_wconf 74' lang='lat' dir='ltr'>vsque</span> <span class='ocrx_word' id='word_1_52' title='bbox 2183 1718 2484 1805; x_wconf 88' lang='lat' dir='ltr'>caulem</span> <span class='ocrx_word' id='word_1_53' title='bbox 2549 1716 2836 1803; x_wconf 71' lang='lat' dir='ltr'>disticta</span> <span class='ocrx_word' id='word_1_54' title='bbox 2902 1736 3113 1808; x_wconf 82' lang='lat' dir='ltr'>ortus</span> <span class='ocrx_word' id='word_1_55' title='bbox 3162 1715 3275 1807; x_wconf 84' lang='lat' dir='ltr'>sui</span> <span class='ocrx_word' id='word_1_56' title='bbox 3333 1716 3498 1802; x_wconf 71' lang='lat' dir='ltr'>lom</span> <span class='ocrx_word' id='word_1_57' title='bbox 3559 1716 4026 1830; x_wconf 66' lang='lat' dir='ltr'>agriostmt,</span> 
     </span>
    </p>

    <p class='ocr_par' dir='ltr' id='par_1_4' title="bbox 1293 1841 4027 2473">
     <span class='ocr_line' id='line_1_8' title="bbox 1375 1841 4027 1962; baseline -0.001 -29"><span class='ocrx_word' id='word_1_58' title='bbox 1375 1845 1714 1934; x_wconf 87' lang='lat' dir='ltr'>inuicem</span> <span class='ocrx_word' id='word_1_59' title='bbox 1771 1850 2199 1961; x_wconf 86' lang='lat' dir='ltr'>propiora,</span> <span class='ocrx_word' id='word_1_60' title='bbox 2226 1872 2423 1960; x_wconf 92' lang='lat' dir='ltr'>quo</span> <span class='ocrx_word' id='word_1_61' title='bbox 2482 1850 2681 1947; x_wconf 79' lang='lat' dir='ltr'>rami</span> <span class='ocrx_word' id='word_1_62' title='bbox 2744 1846 2881 1933; x_wconf 88' lang='lat' dir='ltr'>fitu</span> <span class='ocrx_word' id='word_1_63' title='bbox 2930 1844 3407 1962; x_wconf 44' lang='lat' dir='ltr'>superiore&amp;</span> <span class='ocrx_word' id='word_1_64' title='bbox 3419 1841 3607 1930; x_wconf 90' lang='lat' dir='ltr'>sunt.</span> <span class='ocrx_word' id='word_1_65' title='bbox 3696 1842 3842 1931; x_wconf 72' lang='lat' dir='ltr'>His</span> <span class='ocrx_word' id='word_1_66' title='bbox 3870 1845 4027 1931; x_wconf 87' lang='lat' dir='ltr'>duo</span> 
     </span>
     <span class='ocr_line' id='line_1_9' title="bbox 1378 1973 4029 2109; baseline -0.001 -48"><span class='ocrx_word' id='word_1_67' title='bbox 1378 1973 1786 2088; x_wconf 84' lang='lat' dir='ltr'>affiguntur</span> <span class='ocrx_word' id='word_1_68' title='bbox 1845 1975 2161 2086; x_wconf 88' lang='lat' dir='ltr'>foliola,</span> <span class='ocrx_word' id='word_1_69' title='bbox 2229 1973 2384 2060; x_wconf 75' lang='lat' dir='ltr'>lere</span> <span class='ocrx_word' id='word_1_70' title='bbox 2406 1974 3005 2109; x_wconf 85' lang='lat' dir='ltr'>hemicyclica,</span> <span class='ocrx_word' id='word_1_71' title='bbox 3068 1977 3448 2069; x_wconf 83' lang='lat' dir='ltr'>interdum</span> <span class='ocrx_word' id='word_1_72' title='bbox 3480 1976 3763 2087; x_wconf 81' lang='lat' dir='ltr'>plana,</span> <span class='ocrx_word' id='word_1_73' title='bbox 3822 1996 4029 2059; x_wconf 86' lang='lat' dir='ltr'>non-</span> 
     </span>
     <span class='ocr_line' id='line_1_10' title="bbox 1377 2100 4024 2215; baseline 0 -29"><span class='ocrx_word' id='word_1_74' title='bbox 1377 2126 1760 2215; x_wconf 80' lang='lat' dir='ltr'>nunquam</span> <span class='ocrx_word' id='word_1_75' title='bbox 1826 2104 2118 2189; x_wconf 88' lang='lat' dir='ltr'>interne</span> <span class='ocrx_word' id='word_1_76' title='bbox 2177 2127 2572 2214; x_wconf 87' lang='lat' dir='ltr'>concaua,</span> <span class='ocrx_word' id='word_1_77' title='bbox 2636 2100 2853 2215; x_wconf 90' lang='lat' dir='ltr'>seque</span> <span class='ocrx_word' id='word_1_78' title='bbox 2915 2104 3251 2190; x_wconf 86' lang='lat' dir='ltr'>inuicem</span> <span class='ocrx_word' id='word_1_79' title='bbox 3289 2104 3872 2215; x_wconf 75' lang='lat' dir='ltr'>amplexanda,</span> <span class='ocrx_word' id='word_1_80' title='bbox 3937 2119 4024 2187; x_wconf 87' lang='lat' dir='ltr'>et</span> 
     </span>
     <span class='ocr_line' id='line_1_11' title="bbox 1375 2227 4025 2343; baseline 0 -30"><span class='ocrx_word' id='word_1_81' title='bbox 1375 2227 1626 2316; x_wconf 76' lang='lat' dir='ltr'>veluti</span> <span class='ocrx_word' id='word_1_82' title='bbox 1718 2230 2040 2343; x_wconf 87' lang='lat' dir='ltr'>globum</span> <span class='ocrx_word' id='word_1_83' title='bbox 2110 2229 2652 2340; x_wconf 78' lang='lat' dir='ltr'>eflbrmantia,</span> <span class='ocrx_word' id='word_1_84' title='bbox 2715 2230 3177 2320; x_wconf 81' lang='lat' dir='ltr'>obtufiffime</span> <span class='ocrx_word' id='word_1_85' title='bbox 3254 2250 3754 2342; x_wconf 83' lang='lat' dir='ltr'>mucronata,</span> <span class='ocrx_word' id='word_1_86' title='bbox 3816 2229 4025 2341; x_wconf 82' lang='lat' dir='ltr'>saepe</span> 
     </span>
     <span class='ocr_line' id='line_1_12' title="bbox 1293 2356 4022 2473; baseline 0 -30"><span class='ocrx_word' id='word_1_87' title='bbox 1293 2404 1299 2409; x_wconf 91' lang='lat'>·</span> <span class='ocrx_word' id='word_1_88' title='bbox 1361 2356 1466 2443; x_wconf 86' lang='lat' dir='ltr'>in</span> <span class='ocrx_word' id='word_1_89' title='bbox 1529 2356 1859 2445; x_wconf 85' lang='lat' dir='ltr'>mollem</span> <span class='ocrx_word' id='word_1_90' title='bbox 1917 2356 2293 2472; x_wconf 80' lang='lat' dir='ltr'>spinulam</span> <span class='ocrx_word' id='word_1_91' title='bbox 2347 2362 2807 2469; x_wconf 78' lang='lat' dir='ltr'>terminata,</span> <span class='ocrx_word' id='word_1_92' title='bbox 2865 2361 3171 2473; x_wconf 80' lang='lat' dir='ltr'>quibus</span> <span class='ocrx_word' id='word_1_93' title='bbox 3190 2359 3339 2445; x_wconf 80' lang='lat' dir='ltr'>fios</span> <span class='ocrx_word' id='word_1_94' title='bbox 3390 2359 3723 2469; x_wconf 79' lang='lat' dir='ltr'>inlidet,</span> <span class='ocrx_word' id='word_1_95' title='bbox 3780 2357 4022 2445; x_wconf 81' lang='lat' dir='ltr'>adla-</span> 
     </span>
    </p>

    <p class='ocr_par' dir='ltr' id='par_1_5' title="bbox 1372 2485 4029 2603">
     <span class='ocr_line' id='line_1_13' title="bbox 1372 2485 4029 2603; baseline -0.001 -28"><span class='ocrx_word' id='word_1_96' title='bbox 1372 2502 1539 2575; x_wconf 74' lang='lat' dir='ltr'>oeta</span> <span class='ocrx_word' id='word_1_97' title='bbox 1598 2485 1897 2572; x_wconf 70' lang='lat' dir='ltr'>duobus</span> <span class='ocrx_word' id='word_1_98' title='bbox 1968 2486 2130 2572; x_wconf 84' lang='lat' dir='ltr'>aliis</span> <span class='ocrx_word' id='word_1_99' title='bbox 2160 2488 2523 2603; x_wconf 61' lang='lat' dir='ltr'>stipatus,</span> <span class='ocrx_word' id='word_1_100' title='bbox 2587 2488 2944 2598; x_wconf 85' lang='lat' dir='ltr'>pediculis</span> <span class='ocrx_word' id='word_1_101' title='bbox 3039 2488 3385 2575; x_wconf 83' lang='lat' dir='ltr'>breuibus</span> <span class='ocrx_word' id='word_1_102' title='bbox 3476 2488 4029 2597; x_wconf 71' lang='lat' dir='ltr'>insidentibus,</span> 
     </span>
    </p>

    <p class='ocr_par' dir='ltr' id='par_1_6' title="bbox 1285 2612 4031 3491">
     <span class='ocr_line' id='line_1_14' title="bbox 1359 2612 4027 2735; baseline -0 -34"><span class='ocrx_word' id='word_1_103' title='bbox 1359 2629 1457 2701; x_wconf 71' lang='lat' dir='ltr'>et</span> <span class='ocrx_word' id='word_1_104' title='bbox 1513 2615 1807 2735; x_wconf 75' lang='lat' dir='ltr'>duobus</span> <span class='ocrx_word' id='word_1_105' title='bbox 1886 2616 2311 2704; x_wconf 82' lang='lat' dir='ltr'>minoribus</span> <span class='ocrx_word' id='word_1_106' title='bbox 2370 2614 2654 2700; x_wconf 81' lang='lat' dir='ltr'>lbliolis</span> <span class='ocrx_word' id='word_1_107' title='bbox 2705 2612 3132 2703; x_wconf 72' lang='lat' dir='ltr'>firstentatis.</span> <span class='ocrx_word' id='word_1_108' title='bbox 3229 2616 3526 2704; x_wconf 86' lang='lat' dir='ltr'>Foliola</span> <span class='ocrx_word' id='word_1_109' title='bbox 3582 2612 3773 2727; x_wconf 87' lang='lat' dir='ltr'>illa,</span> <span class='ocrx_word' id='word_1_110' title='bbox 3818 2635 4027 2729; x_wconf 83' lang='lat' dir='ltr'>quae</span> 
     </span>
     <span class='ocr_line' id='line_1_15' title="bbox 1372 2740 4027 2858; baseline 0.001 -31"><span class='ocrx_word' id='word_1_111' title='bbox 1372 2743 1817 2856; x_wconf 86' lang='lat' dir='ltr'>principem</span> <span class='ocrx_word' id='word_1_112' title='bbox 1879 2740 2167 2827; x_wconf 87' lang='lat' dir='ltr'>florem</span> <span class='ocrx_word' id='word_1_113' title='bbox 2226 2763 2307 2827; x_wconf 89' lang='lat' dir='ltr'>et</span> <span class='ocrx_word' id='word_1_114' title='bbox 2360 2746 2555 2830; x_wconf 86' lang='lat' dir='ltr'>duos</span> <span class='ocrx_word' id='word_1_115' title='bbox 2612 2741 2949 2832; x_wconf 80' lang='lat' dir='ltr'>laterales</span> <span class='ocrx_word' id='word_1_116' title='bbox 3007 2746 3451 2851; x_wconf 88' lang='lat' dir='ltr'>includunt,</span> <span class='ocrx_word' id='word_1_117' title='bbox 3519 2742 3742 2858; x_wconf 83' lang='lat' dir='ltr'>saepe</span> <span class='ocrx_word' id='word_1_118' title='bbox 3768 2763 4027 2831; x_wconf 82' lang='lat' dir='ltr'>exter-</span> 
     </span>
     <span class='ocr_line' id='line_1_16' title="bbox 1378 2868 4027 2986; baseline -0 -29"><span class='ocrx_word' id='word_1_119' title='bbox 1378 2895 1481 2957; x_wconf 86' lang='lat' dir='ltr'>na</span> <span class='ocrx_word' id='word_1_120' title='bbox 1544 2868 1934 2980; x_wconf 76' lang='lat' dir='ltr'>superficie</span> <span class='ocrx_word' id='word_1_121' title='bbox 1989 2871 2141 2955; x_wconf 84' lang='lat' dir='ltr'>sme</span> <span class='ocrx_word' id='word_1_122' title='bbox 2204 2871 2401 2955; x_wconf 71' lang='lat' dir='ltr'>inii-a</span> <span class='ocrx_word' id='word_1_123' title='bbox 2464 2868 2882 2980; x_wconf 78' lang='lat' dir='ltr'>latescunt,</span> <span class='ocrx_word' id='word_1_124' title='bbox 2953 2893 3034 2958; x_wconf 92' lang='lat' dir='ltr'>et</span> <span class='ocrx_word' id='word_1_125' title='bbox 3067 2875 3495 2962; x_wconf 86' lang='lat' dir='ltr'>eminentiis</span> <span class='ocrx_word' id='word_1_126' title='bbox 3525 2874 3772 2986; x_wconf 85' lang='lat' dir='ltr'>paruis</span> <span class='ocrx_word' id='word_1_127' title='bbox 3805 2874 4027 2961; x_wconf 82' lang='lat' dir='ltr'>luteis</span> 
     </span>
     <span class='ocr_line' id='line_1_17' title="bbox 1357 2992 4024 3138; baseline 0.004 -63.038"><span class='ocrx_word' id='word_1_128' title='bbox 1357 2994 1700 3138; x_wconf 64' lang='lat' dir='ltr'>asperia-</span> <span class='ocrx_word' id='word_1_129' title='bbox 1720 2992 1910 3079; x_wconf 86' lang='lat' dir='ltr'>sunt.</span> <span class='ocrx_word' id='word_1_130' title='bbox 2041 2993 2359 3084; x_wconf 81' lang='lat' dir='ltr'>Corolia</span> <span class='ocrx_word' id='word_1_131' title='bbox 2418 3017 2742 3113; x_wconf 83' lang='lat' dir='ltr'>quatuor</span> <span class='ocrx_word' id='word_1_132' title='bbox 2798 2998 3075 3089; x_wconf 85' lang='lat' dir='ltr'>foliolis</span> <span class='ocrx_word' id='word_1_133' title='bbox 3104 3003 3489 3114; x_wconf 62' lang='lat' dir='ltr'>canolis,</span> <span class='ocrx_word' id='word_1_134' title='bbox 3562 3004 3810 3115; x_wconf 86' lang='lat' dir='ltr'>magis</span> <span class='ocrx_word' id='word_1_135' title='bbox 3888 2997 4024 3085; x_wconf 78' lang='lat' dir='ltr'>aui:</span> 
     </span>
     <span class='ocr_line' id='line_1_18' title="bbox 1383 3120 4022 3261; baseline 0.002 -52"><span class='ocrx_word' id='word_1_136' title='bbox 1383 3122 1647 3209; x_wconf 81' lang='lat' dir='ltr'>minus</span> <span class='ocrx_word' id='word_1_137' title='bbox 1667 3120 2052 3233; x_wconf 69' lang='lat' dir='ltr'>profunde</span> <span class='ocrx_word' id='word_1_138' title='bbox 2081 3123 2409 3237; x_wconf 87' lang='lat' dir='ltr'>lunatis,</span> <span class='ocrx_word' id='word_1_139' title='bbox 2466 3126 2897 3238; x_wconf 81' lang='lat' dir='ltr'>aequalibus</span> <span class='ocrx_word' id='word_1_140' title='bbox 2925 3150 3055 3217; x_wconf 86' lang='lat' dir='ltr'>aut</span> <span class='ocrx_word' id='word_1_141' title='bbox 3074 3133 3621 3261; x_wconf 79' lang='lat' dir='ltr'>inaequalibus,</span> <span class='ocrx_word' id='word_1_142' title='bbox 3678 3134 3775 3216; x_wconf 86' lang='lat' dir='ltr'>ad</span> <span class='ocrx_word' id='word_1_143' title='bbox 3808 3128 4022 3216; x_wconf 87' lang='lat' dir='ltr'>hori-</span> 
     </span>
     <span class='ocr_line' id='line_1_19' title="bbox 1373 3253 4031 3371; baseline 0.003 -31"><span class='ocrx_word' id='word_1_144' title='bbox 1373 3266 1715 3340; x_wconf 78' lang='lat' dir='ltr'>zontem</span> <span class='ocrx_word' id='word_1_145' title='bbox 1778 3253 2176 3364; x_wconf 76' lang='lat' dir='ltr'>expansis</span> <span class='ocrx_word' id='word_1_146' title='bbox 2238 3255 2743 3367; x_wconf 78' lang='lat' dir='ltr'>terminatur,</span> <span class='ocrx_word' id='word_1_147' title='bbox 2784 3259 2986 3370; x_wconf 88' lang='lat' dir='ltr'>quin</span> <span class='ocrx_word' id='word_1_148' title='bbox 3041 3283 3143 3348; x_wconf 83' lang='lat' dir='ltr'>ex</span> <span class='ocrx_word' id='word_1_149' title='bbox 3206 3253 3472 3349; x_wconf 89' lang='lat' dir='ltr'>medio</span> <span class='ocrx_word' id='word_1_150' title='bbox 3532 3259 3720 3347; x_wconf 84' lang='lat' dir='ltr'>finus</span> <span class='ocrx_word' id='word_1_151' title='bbox 3778 3261 4031 3371; x_wconf 72' lang='lat' dir='ltr'>sangu-</span> 
     </span>
     <span class='ocr_line' id='line_1_20' title="bbox 1285 3377 3856 3491; baseline 0.002 -25"><span class='ocrx_word' id='word_1_152' title='bbox 1285 3441 1289 3452; x_wconf 82' lang='lat'><strong>·</strong></span> <span class='ocrx_word' id='word_1_153' title='bbox 1377 3377 1650 3467; x_wconf 83' lang='lat' dir='ltr'>lorum</span> <span class='ocrx_word' id='word_1_154' title='bbox 1711 3383 2132 3491; x_wconf 82' lang='lat' dir='ltr'>petalonun</span> <span class='ocrx_word' id='word_1_155' title='bbox 2193 3409 2385 3470; x_wconf 79' lang='lat' dir='ltr'>vnus</span> <span class='ocrx_word' id='word_1_156' title='bbox 2438 3401 2574 3470; x_wconf 82' lang='lat' dir='ltr'>aut</span> <span class='ocrx_word' id='word_1_157' title='bbox 2632 3385 2789 3470; x_wconf 86' lang='lat' dir='ltr'>duo</span> <span class='ocrx_word' id='word_1_158' title='bbox 2848 3387 3110 3474; x_wconf 75' lang='lat' dir='ltr'>breues</span> <span class='ocrx_word' id='word_1_159' title='bbox 3164 3389 3432 3475; x_wconf 88' lang='lat' dir='ltr'>dentes</span> <span class='ocrx_word' id='word_1_160' title='bbox 3487 3390 3856 3473; x_wconf 88' lang='lat' dir='ltr'>eminent.</span> 
     </span>
    </p>
   </div>
   <div class='ocr_carea' id='block_1_4' title="bbox 1385 3565 4029 3789">
    <p class='ocr_par' dir='ltr' id='par_1_7' title="bbox 1385 3565 4029 3788">
     <span class='ocr_line' id='line_1_21' title="bbox 1516 3565 4029 3697; baseline 0.005 -41"><span class='ocrx_word' id='word_1_161' title='bbox 1516 3565 1781 3658; x_wconf 73' lang='lat' dir='ltr'>Caules</span> <span class='ocrx_word' id='word_1_162' title='bbox 1840 3576 2051 3686; x_wconf 88' lang='lat' dir='ltr'>rupti</span> <span class='ocrx_word' id='word_1_163' title='bbox 2113 3572 2231 3661; x_wconf 85' lang='lat' dir='ltr'>la&#39;c</span> <span class='ocrx_word' id='word_1_164' title='bbox 2292 3575 2550 3664; x_wconf 84' lang='lat' dir='ltr'>album</span> <span class='ocrx_word' id='word_1_165' title='bbox 2610 3576 2990 3694; x_wconf 80' lang='lat' dir='ltr'>fimdunt,</span> <span class='ocrx_word' id='word_1_166' title='bbox 3052 3605 3209 3697; x_wconf 89' lang='lat' dir='ltr'>quo</span> <span class='ocrx_word' id='word_1_167' title='bbox 3268 3583 3531 3667; x_wconf 86' lang='lat' dir='ltr'>etiam</span> <span class='ocrx_word' id='word_1_168' title='bbox 3571 3597 3735 3666; x_wconf 72' lang='lat' dir='ltr'>tom</span> <span class='ocrx_word' id='word_1_169' title='bbox 3767 3574 4029 3692; x_wconf 77' lang='lat' dir='ltr'>planta</span> 
     </span>
     <span class='ocr_line' id='line_1_22' title="bbox 1385 3701 2124 3789; baseline 0 -2"><span class='ocrx_word' id='word_1_170' title='bbox 1385 3717 1472 3787; x_wconf 84' lang='lat' dir='ltr'>et</span> <span class='ocrx_word' id='word_1_171' title='bbox 1534 3703 1757 3788; x_wconf 81' lang='lat' dir='ltr'>radix</span> <span class='ocrx_word' id='word_1_172' title='bbox 1815 3701 2124 3789; x_wconf 78' lang='lat' dir='ltr'>starent.</span> 
     </span>
    </p>
   </div>
   <div class='ocr_carea' id='block_1_5' title="bbox 1377 3883 4047 4758">
    <p class='ocr_par' dir='ltr' id='par_1_8' title="bbox 1377 3883 4047 4662">
     <span class='ocr_line' id='line_1_23' title="bbox 1471 3883 4031 4017; baseline 0.002 -36.083"><span class='ocrx_word' id='word_1_173' title='bbox 1471 3892 1611 3986; x_wconf 72' lang='lat' dir='ltr'>:In</span> <span class='ocrx_word' id='word_1_174' title='bbox 1674 3893 2042 3980; x_wconf 76' lang='lat' dir='ltr'>varietate</span> <span class='ocrx_word' id='word_1_175' title='bbox 2090 3883 2161 4008; x_wconf 83' lang='lat' dir='ltr'>j.</span> <span class='ocrx_word' id='word_1_176' title='bbox 2225 3893 2562 3988; x_wconf 86' lang='lat' dir='ltr'>cauliculi</span> <span class='ocrx_word' id='word_1_177' title='bbox 2623 3900 2809 3991; x_wconf 76' lang='lat' dir='ltr'>infla</span> <span class='ocrx_word' id='word_1_178' title='bbox 2866 3900 3187 4017; x_wconf 87' lang='lat' dir='ltr'>squamis</span> <span class='ocrx_word' id='word_1_179' title='bbox 3218 3900 3509 4015; x_wconf 80' lang='lat' dir='ltr'>exiguis</span> <span class='ocrx_word' id='word_1_180' title='bbox 3540 3895 3969 3987; x_wconf 77' lang='lat' dir='ltr'>rubentibus</span> <span class='ocrx_word' id='word_1_181' title='bbox 3998 3964 4031 4008; x_wconf 92' lang='lat'>,</span> 
     </span>
     <span class='ocr_line' id='line_1_24' title="bbox 1383 3977 4037 4149; baseline 0.002 -40"><span class='ocrx_word' id='word_1_182' title='bbox 1383 3977 1709 4135; x_wconf 83' lang='lat' dir='ltr'>superius</span> <span class='ocrx_word' id='word_1_183' title='bbox 1767 4022 1994 4108; x_wconf 70' lang='lat' dir='ltr'>foliis-</span> <span class='ocrx_word' id='word_1_184' title='bbox 2024 4026 2322 4111; x_wconf 84' lang='lat' dir='ltr'>alternis</span> <span class='ocrx_word' id='word_1_185' title='bbox 2372 4031 2779 4126; x_wconf 82' lang='lat' dir='ltr'>vestiuntur</span> <span class='ocrx_word' id='word_1_186' title='bbox 2812 4098 2838 4142; x_wconf 91' lang='lat'>,</span> <span class='ocrx_word' id='word_1_187' title='bbox 2918 4031 3415 4149; x_wconf 56' lang='lat' dir='ltr'>chamaesyces</span> <span class='ocrx_word' id='word_1_188' title='bbox 3510 4024 3690 4116; x_wconf 87' lang='lat' dir='ltr'>folia</span> <span class='ocrx_word' id='word_1_189' title='bbox 3771 4022 4037 4115; x_wconf 84' lang='lat' dir='ltr'>forma</span> 
     </span>
     <span class='ocr_line' id='line_1_25' title="bbox 1384 4151 4042 4274; baseline 0 -33"><span class='ocrx_word' id='word_1_190' title='bbox 1384 4151 1915 4258; x_wconf 77' lang='lat' dir='ltr'>neferentibus,</span> <span class='ocrx_word' id='word_1_191' title='bbox 1968 4153 2347 4239; x_wconf 84' lang='lat' dir='ltr'>interdum</span> <span class='ocrx_word' id='word_1_192' title='bbox 2426 4160 2970 4274; x_wconf 83' lang='lat' dir='ltr'>angustioribus</span> <span class='ocrx_word' id='word_1_193' title='bbox 3028 4179 3109 4246; x_wconf 89' lang='lat' dir='ltr'>et</span> <span class='ocrx_word' id='word_1_194' title='bbox 3170 4154 3788 4270; x_wconf 81' lang='lat' dir='ltr'>oblongioribus‚</span> <span class='ocrx_word' id='word_1_195' title='bbox 3887 4181 4042 4241; x_wconf 82' lang='lat' dir='ltr'>ex</span> 
     </span>
     <span class='ocr_line' id='line_1_26' title="bbox 1383 4276 4043 4410; baseline 0.002 -43"><span class='ocrx_word' id='word_1_196' title='bbox 1383 4298 1726 4369; x_wconf 86' lang='lat' dir='ltr'>tremum</span> <span class='ocrx_word' id='word_1_197' title='bbox 1765 4276 2012 4364; x_wconf 76' lang='lat' dir='ltr'>versus</span> <span class='ocrx_word' id='word_1_198' title='bbox 2031 4283 2415 4368; x_wconf 87' lang='lat' dir='ltr'>numeros</span> <span class='ocrx_word' id='word_1_199' title='bbox 2418 4285 2711 4397; x_wconf 75' lang='lat' dir='ltr'>ffimrs</span> <span class='ocrx_word' id='word_1_200' title='bbox 2773 4315 2822 4375; x_wconf 92' lang='lat' dir='ltr'>e</span> <span class='ocrx_word' id='word_1_201' title='bbox 2883 4291 3095 4375; x_wconf 91' lang='lat' dir='ltr'>luteo</span> <span class='ocrx_word' id='word_1_202' title='bbox 3154 4288 3348 4410; x_wconf 86' lang='lat' dir='ltr'>laete</span> <span class='ocrx_word' id='word_1_203' title='bbox 3416 4286 3837 4394; x_wconf 77' lang='lat' dir='ltr'>viridibus,</span> <span class='ocrx_word' id='word_1_204' title='bbox 3876 4283 4043 4371; x_wconf 89' lang='lat' dir='ltr'>mi·</span> 
     </span>
     <span class='ocr_line' id='line_1_27' title="bbox 1385 4350 4043 4536; baseline 0.002 -41"><span class='ocrx_word' id='word_1_205' title='bbox 1385 4409 1783 4502; x_wconf 82' lang='lat' dir='ltr'>nutiffimis</span> <span class='ocrx_word' id='word_1_206' title='bbox 1823 4409 2350 4520; x_wconf 84' lang='lat' dir='ltr'>puluemlentis</span> <span class='ocrx_word' id='word_1_207' title='bbox 2379 4412 2589 4501; x_wconf 85' lang='lat' dir='ltr'>luteis</span> <span class='ocrx_word' id='word_1_208' title='bbox 2619 4417 2922 4536; x_wconf 60' lang='lat' dir='ltr'>puncjstis</span> <span class='ocrx_word' id='word_1_209' title='bbox 2982 4439 3091 4502; x_wconf 83' lang='lat' dir='ltr'>ex</span> <span class='ocrx_word' id='word_1_210' title='bbox 3158 4439 3477 4526; x_wconf 79' lang='lat' dir='ltr'>vtroque</span> <span class='ocrx_word' id='word_1_211' title='bbox 3510 4413 3744 4502; x_wconf 87' lang='lat' dir='ltr'>latere</span> <span class='ocrx_word' id='word_1_212' title='bbox 3774 4350 4043 4536; x_wconf 60' lang='lat' dir='ltr'>a’spet·</span> 
     </span>
     <span class='ocr_line' id='line_1_28' title="bbox 1377 4535 4047 4662; baseline -0 -34"><span class='ocrx_word' id='word_1_213' title='bbox 1377 4535 1488 4628; x_wconf 69' lang='lat' dir='ltr'>fis</span> <span class='ocrx_word' id='word_1_214' title='bbox 1514 4597 1540 4648; x_wconf 86' lang='lat'>,</span> <span class='ocrx_word' id='word_1_215' title='bbox 1600 4539 1950 4652; x_wconf 84' lang='lat' dir='ltr'>exquifiti</span> <span class='ocrx_word' id='word_1_216' title='bbox 2015 4540 2321 4625; x_wconf 85' lang='lat' dir='ltr'>odoris</span> <span class='ocrx_word' id='word_1_217' title='bbox 2361 4545 2748 4634; x_wconf 74' lang='lat' dir='ltr'>iasminum</span> <span class='ocrx_word' id='word_1_218' title='bbox 2812 4545 2985 4636; x_wconf 82' lang='lat' dir='ltr'>fere</span> <span class='ocrx_word' id='word_1_219' title='bbox 3050 4545 3518 4662; x_wconf 83' lang='lat' dir='ltr'>spirantibus.</span> <span class='ocrx_word' id='word_1_220' title='bbox 3678 4535 3796 4630; x_wconf 84' lang='lat' dir='ltr'>Ita</span> <span class='ocrx_word' id='word_1_221' title='bbox 3896 4537 4047 4627; x_wconf 75' lang='lat' dir='ltr'>ffib</span> 
     </span>
    </p>

    <p class='ocr_par' dir='ltr' id='par_1_9' title="bbox 3772 4663 4043 4758">
     <span class='ocr_line' id='line_1_29' title="bbox 3772 4663 4043 4758; baseline -0.011 0"><span class='ocrx_word' id='word_1_222' title='bbox 3772 4663 4043 4758; x_wconf 81' lang='lat' dir='ltr'>finem</span> 
     </span>
    </p>
   </div>
   <div class='ocr_carea' id='block_1_6' title="bbox 4291 4655 4294 4792">
    <p class='ocr_par' dir='ltr' id='par_1_10' title="bbox 4291 4655 4294 4792">
     <span class='ocr_line' id='line_1_30' title="bbox 4291 4655 4294 4792; baseline 0 0"><span class='ocrx_word' id='word_1_223' title='bbox 4291 4655 4294 4792; x_wconf 70' lang='grc'>1</span> 
     </span>
    </p>
   </div>
  </div>
 </body>
</html>
