4378 5721
884 1061 961 1292 g
1030 1021 2498 1229 PRAEFATIO.

720 1625 1239 1795 ostquam
1318 1636 1758 1762 le&oris
1836 1621 2380 1806 patientia
2451 1636 2572 1755 in
2634 1629 3066 1804 praefa-

801 1809 1115 1925 tione
1153 1805 1293 1928 ad
1356 1815 1854 1976 primum
1916 1833 2376 1930 tomum
2467 1806 2796 1929 huius
2861 1804 3062 1931 flo-

721 2051 731 2058 -
812 2015 999 2096 rae
1045 2001 1497 2101 tantum
1543 2020 1777 2100 non
1822 1978 2208 2102 abusus
2255 1978 2496 2097 sum
2544 2071 2582 2125 ,
2651 1985 2770 2100 in
2813 2019 3066 2143 gra-

304 2209 317 2222 ·
430 2149 716 2264 tiam
738 2141 1043 2270 forte
1085 2189 1356 2270 cum
1377 2191 1527 2272 eo
1572 2149 1941 2271 redire
1983 2149 2444 2316 possem,
2469 2144 2546 2268 fi
2586 2150 3059 2311 quidem

413 2312 657 2437 fine
790 2309 1497 2484 praefatione
1643 2321 1952 2467 hunc
2098 2317 2728 2442 secundum
2877 2347 3054 2442 to-

423 2526 763 2605 mum
854 2495 970 2607 in
1052 2490 1432 2611 lucem
1520 2498 2187 2612 emitterem
2237 2584 2274 2634 ,
2377 2531 2528 2611 eo
2609 2496 2972 2652 magis
3012 2585 3050 2637 ,

418 2653 741 2820 quod
780 2697 916 2777 ea
955 2746 997 2799 ,
1078 2695 1365 2816 quae
1405 2657 1548 2776 ad
1617 2654 2010 2776 floram
2063 2658 2635 2774 Sibiricam
2686 2662 2803 2776 in
2855 2698 3054 2820 ge-

419 2867 702 2951 nere
740 2822 1308 2995 speEtant,
1372 2828 1819 2991 copiose
1862 2825 2105 2945 finis
2147 2827 2267 2943 in
2309 2827 2693 2988 primo
2731 2867 3057 2975 com-

417 3002 1350 3121 memorauerim.
1522 2997 1752 3162 Ipsa
1795 3034 2083 3118 vero
2139 2990 2860 3160 praefationis
2929 3003 3054 3126 in

412 3176 802 3337 primo
851 3195 1181 3292 tomo
1238 3166 1872 3331 amplitudo
1936 3166 2222 3286 mihi
2310 3162 2776 3326 quidem
2827 3173 3045 3291 cal-

280 3386 294 3404 ·
420 3380 618 3462 car
660 3338 980 3462 addit
1015 3431 1057 3484 ,
1124 3363 1262 3458 vt
1303 3338 1445 3460 ad
1483 3339 1970 3461 alterum
2017 3359 2688 3458 extremum
2761 3357 3051 3461 non'·

420 3506 626 3633 nisi
666 3506 1993 3678 paullatim'descendere
2084 3547 2551 3626 mecum
2647 3494 3048 3634 constiss

422 3689 850 3806 tuerim
900 3775 935 3826 ,
1025 3721 1172 3801 ne
1213 3677 1934 3802 commissum
2003 3701 2615 3842 peccatum
2713 3684 3046 3804 nimi-

416 3892 627 3999 vm
710 3851 996 3974 mihi
1094 3852 1318 4016 ipse
1405 3849 2098 4018 exprobrare
2184 3846 2610 3969 videar.
2786 3853 3044 3975 Nec

413 4062 759 4191 porro
796 4021 946 4146 ad
995 4021 1705 4146 scribendum
1742 4016 2053 4167 deest
2115 4023 2588 4140 materia
2631 4114 2669 4165 ,
2759 4065 3034 4147 cum

415 4192 787 4317 claffes
861 4190 1739 4361 compositarum
1781 4283 1819 4337 ,
1936 4213 2820 4355 aggregatarum
2902 4222 3029 4314 et

413 4367 1169 4491 tricoccarum
1208 4461 1248 4518 ,
1311 4406 1581 4532 quas
1627 4360 1855 4487 hoc
1898 4385 2225 4484 tomo
2264 4362 2818 4509 exhibe0‚
2870 4367 3030 4483 ita
3112 4493 3115 4497 ,

1614 4534 1744 4658 Α
1786 4573 1854 4659 2
2431 4590 2440 4599 ·
2811 4528 3027 4669 smt
