4378 5721
891 628 1044 724 IV.
1115 625 1679 732 FLORIBVS
1739 629 2334 729 RADIATIS.
2761 652 2940 739 153

432 805 617 961 icon
682 863 1024 985 plantam
1085 876 1461 986 integram
1535 875 1939 963 flooentem
2001 858 2338 961 timibet.
2407 897 2478 960 a.
2537 850 2648 958 e'st
2679 866 2945 957 flostu-
3054 833 3062 843 ’

315 999 427 1089 lus
452 1070 477 1116 ,
537 1005 616 1090 b.
676 1002 1202 1091 semiflosculus
1234 1071 1260 1116 ‚
1325 1002 1423 1091 C.
1460 1008 1728 1098 finium
1795 1004 2167 1091 adultum.

438 1222 650 1305 129.
718 1192 1434 1289 DORONICUM
1538 1199 1742 1285 foliis
1837 1198 2142 1286 caulinis
2242 1195 2614 1317 oppofitis
2703 1216 2944 1298 LINN.

678 1327 1179 1545 δωξῖειτέἱῗειῖ
1215 1455 1414 1544 foliis
1471 1456 1932 1545 lanceolatis.

804 1587 1109 1678 Alisma
1170 1587 1288 1673 M
1281 1584 1541 1675 mhwlz
1577 1580 1717 1701 seu
1764 1586 2122 1702 plantago
2185 1600 2531 1675 matiana
2599 1585 2700 1674 Β.
2767 1583 2852 1675 h
2823 1587 2937 1706 st

809 1740 1518 1962 Dossmilc'usnssoliis
1579 1842 1803 1933 lance
1768 1846 2010 1935 oolatis
2062 1856 2312 1936 LINN.
2365 1848 2613 1964 Lapp.
2683 1875 2732 1953 3
2748 1870 2803 1929 0
2815 1866 2906 1949 5.

804 1974 1264 2067 ,Βονοηιῗσιαη
1339 1974 1557 2092 soltis
1634 1975 2118 2084 lanceolatim
2223 1977 2529 2073 caulinis
2621 1978 2951 2093 oppositis

938 2119 1177 2204 ROY‚
1218 2120 1347 2220 pr.
1427 2112 1628 2188 160.

274 2376 279 2385 ,
414 2301 709 2414 Folia,
772 2299 1003 2385 caulis
1051 2317 1147 2384 et
1208 2299 1419 2388 calix
1480 2302 1854 2419 aliquanto
1916 2303 2195 2394 hivsuta
2226 2364 2253 2408 ,
2335 2300 2603 2390 viridia
2683 2317 2956 2390 tamen

282 2424 487 2514 Ὶὶιητ.
620 2427 1115 2515 Semiflosculi
1170 2451 1536 2516 extremo
1615 2433 2059 2543 tridentati‚
2162 2426 2452 2518 flosculi
2551 2447 2813 2518 autem
2873 2431 2960 2515 in

293 2560 638 2670 quinque
696 2556 998 2638 lacinias
1059 2554 1418 2639 secantur.

420 2684 569 2770 Ab
633 2685 903 2769 arnica
950 2698 1567 2784 scmossnssm
1613 2701 1912 2799 praeter
1971 2682 2333 2772 foliorum
2395 2683 2728 2776 formam
2798 2682 2962 2772 nul·

288 2811 366 2902 la
430 2815 772 2900 omnino
837 2836 922 2896 re
987 2815 1297 2925 differt,
1367 2838 1610 2931 neque
1670 2814 1948 2901 effestu
2034 2815 2343 2903 medico
2373 2881 2401 2927 ,
2507 2822 2635 2933 qui
2697 2812 2963 2905 Sibiri-

290 2969 577 3030 corum
643 2943 1059 3040 hominum
1128 2966 1403 3031 natuns
1434 3012 1459 3056 ,
1521 2944 1729 3059 quod
1792 2945 2128 3029 duriores
2187 2946 2334 3033 fint
2369 3012 2392 3055 ‚
2459 2950 2716 3033 multo
2776 2944 2962 3030 salu-

292 3073 509 3159 brior
567 3073 681 3157 est
712 3138 735 3179 ,
800 3096 1031 3186 quam
1081 3073 1402 3160 aliarum
1472 3076 1817 3188 gentium
1855 3139 1880 3182 ‚
1977 3074 2324 3185 adeoque
2389 3074 2599 3160 locus
2697 3073 2969 3162 natalis

292 3201 659 3313 rupestris
722 3200 870 3288 sola
933 3199 1400 3288 differentiae
1504 3204 1863 3290 foliorum
1922 3203 2167 3288 caussh
2207 3201 2377 3286 effe
2433 3205 2743 3298 ‚videtur
2777 3272 2804 3313 ,
2884 3202 2967 3288 id

295 3333 503 3443 quod
577 3332 818 3415 etiam
885 3324 1061 3414 Cel.
1124 3345 1603 3425 LINNAEUS
1649 3334 1730 3415 in
1792 3332 2051 3417 litteris
2108 3332 2209 3417 ad
2281 3356 2423 3417 me
2487 3334 2680 3420 datis
2745 3331 2965 3418 testa-

294 3474 425 3545 tus
481 3459 641 3545 est.
765 3460 877 3547 Et
931 3457 1138 3543 kbrte
1200 3459 1390 3544 haec
1426 3525 1451 3568 ‚
1553 3486 1741 3573 quae
1804 3461 2004 3546 soliis
2058 3459 2168 3546 est
2226 3459 2659 3549 lanceolatis
2691 3529 2717 3573 ‚
2815 3461 2971 3547 ho·

289 3589 648 3674 minibus
704 3588 1142 3673 robustioris
1220 3606 1526 3673 naturae
1615 3592 1862 3700 magis
1959 3590 2317 3675 conuenit
2354 3658 2377 3701 ‚
2478 3617 2710 3703 quam
2779 3589 2904 3675 illa
2944 3656 2971 3702 ,

290 3743 496 3832 quae
567 3715 751 3801 folia
811 3736 1034 3802 onata
1095 3717 1379 3829 prosim
1414 3784 1439 3827 ‚
1498 3718 1677 3830 quia
1740 3720 1818 3803 in
1878 3717 2324 3828 mpestribus
2401 3721 2588 3805 locis
2666 3716 2970 3805 succum

296 3848 571 3958 magis
620 3870 886 3931 acrem
952 3862 1034 3931 et
1093 3847 1342 3931 minus
1396 3845 1751 3961 aquofizm
1816 3846 2051 3933 trahit
2084 3914 2109 3956 ,
2169 3848 2372 3959 quod
2427 3848 2739 3934 illorum
2807 3844 2973 3933 sen-

282 3978 599 4060 tentiae
660 3977 1011 4061 maxime
1074 3973 1279 4060 fauet
1313 4038 1340 4083 ,
1401 3979 1529 4088 qui
1593 3976 1918 4061 statuunt
1951 4040 1982 4086 ‚
2030 3979 2461 4087 *optimum
2539 3995 2969 4064 creatorem

294 4103 634 4191 stmiuia
702 4104 1123 4216 plantatum
1189 4103 1589 4190 secundum
1650 4107 1996 4218 gentium
2059 4124 2359 4192 naturas
2417 4108 2510 4192 in
2570 4107 2789 4194 orbe
2827 4131 2974 4192 no-

301 4234 464 4319 stro
533 4232 963 4344 disperfiffe.
1028 4307 1041 4317 ,
1099 4232 1310 4319 Mihi
1338 4307 1341 4314 ,
1368 4234 1629 4319 saltem
1701 4233 1944 4321 viffim
2010 4234 2121 4318 est
2158 4301 2181 4342 ,
2249 4234 2650 4322 Sibiricam
2754 4238 2973 4346 plan-

298 4382 481 4450 tam
557 4362 939 4472 aliquanto
995 4361 1536 4450 vehementius
1568 4363 1959 4458 ,effestum
2022 4364 2246 4449 edere
2281 4430 2305 4473 ‚
2407 4366 2613 4477 quod
2682 4368 2763 4450 in
2824 4388 2969 4448 no-
3157 4367 3163 4376 '

306 4493 484 4579 stris
534 4549 537 4558 -
550 4492 938 4603 gam-amis
987 4492 1076 4576 =in
1138 4489 1425 4578 Sibiria·
1482 4495 1965 4579 morantibus
2014 4517 2177 4577 non
2213 4517 2420 4578 faro
2497 4495 2976 4608 experientia
3040 4501 3047 4509 ’

298 4647 510 4706 com
515 4620 927 4732 probatum
989 4621 1155 4705 vidi
1186 4688 1217 4731 ,
1277 4622 1588 4738 ‘quando
1619 4657 1623 4664 ·
1654 4624 1745 4707 iis
1804 4627 2152 4740 plantam
2217 4626 2300 4714 in
2356 4622 2595 4718 infuso
2659 4624 2974 4714 exhibui

302 4817 309 4826 .
358 4745 598 4838 Flor.
630 4748 876 4842 .Sibir.
920 4742 1142 4841 Tom.
1182 4749 1291 4842 11.
1676 4750 1758 4837 V
2888 4774 2982 4837 ea
