4378 5721
942 574 2188 692 1.sEM1FLochLosAE
2874 631 2934 731 3

302 834 509 920 enim
576 829 936 919 subnudus
1001 833 1149 941 est,
1185 833 1602 943 vniflorus,
1664 831 1853 920 infra
1891 832 2166 923 florem
2202 835 2465 921 leuiter
2495 837 2943 985 pubestens,

160 981 165 989 ·
305 980 385 1044 et
447 960 625 1045 folia
690 961 1027 1048 neruosa.
1159 963 1371 1048 Folia
1433 984 1748 1072 autem,
1793 966 1930 1047 vti
1994 948 2207 1075 supra
2273 968 2429 1050 iam
2496 970 2721 1076 dixi,
2782 970 2927 1062 mi

307 1116 384 1174 re
455 1120 514 1174 v·
503 1093 764 1177 ιτίιηῑ.
897 1091 1320 1188 Occurrunt
1383 1032 1759 1178 interdum
1827 1093 2129 1204 plantae
2198 1093 2410 1180 huius
2489 1093 2822 1207 speciei,
2888 1122 2935 1179 e

133 1249 152 1280 ·
303 1247 620 1336 quarum
679 1219 956 1330 ampliS
1015 1221 1386 1342 radicibus
1451 1223 1813 1310 iudicium
1877 1221 2068 1306 ferre
2099 1220 2275 1306 licet
2308 1289 2332 1333 ,
2399 1225 2695 1309 annosas
2724 1226 2868 1314 esse
2910 1290 2935 1333 ‚

303 1378 459 1436 non
524 1352 871 1437 florentes
903 1403 930 1455 ,
993 1347 1186 1434 foliis
1247 1368 1508 1436 tamen
1571 1353 1947 1459 praeditae
1982 1416 2008 1460 ,
2068 1376 2391 1461 quorum
2459 1354 2778 1470 latitudo
2839 1357 2937 1439 ad

301 1481 516 1572 illam
589 1479 800 1581 facile
857 1479 1149 1574 accedit
1180 1544 1206 1585 ,
1269 1507 1505 1591 quam
1545 1479 2043 1566 ·Sc0rzonera
2101 1480 2416 1600 latifolia
2480 1482 2936 1568 Germanica

307 1609 625 1691 obtinet.
749 1606 1009 1717 Itaque
1073 1608 1226 1693 fine
1276 1606 1510 1692 ⁷metu
1572 1613 1839 1694 erroris
1901 1609 2440 1721 synonymon,
2506 1616 2709 1720 quod
2762 1608 2936 1696 Cel.

308 1738 429 1820 vir
508 1738 825 1844 docuit,
909 1734 1468 1845 apposuissem,
1528 1738 1659 1822 nisi
1719 1735 1872 1850 ipse
1934 1742 2011 1821 in
2079 1738 2629 1851 descriptione,
2703 1764 2982 1850 quam¹

307 1866 385 1948 in
451 1857 535 1951 h.
580 1862 784 1980 Cltff
848 1862 1216 1969 exhibet,
1279 1867 1600 1993 alterum
1666 1866 1940 1950 florem
2009 1866 2154 1950 flue
2219 1869 2735 1953 rudimentum
2787 1868 2945 1952 eius

309 1994 384 2079 in
451 1995 728 2079 eodem
783 1991 998 2076 caule
1061 2012 1406 2103 Vrgeret,
1473 1995 1675 2107 quod
1740 2020 1886 2079 nos
1949 1998 2028 2077 in
2067 1991 2410 2080 Sibirica
2471 1996 2716 2105 planta
2753 2021 2937 2077 nun-

308 2148 537 2232 quam
605 2122 969 2207 vidimuS.
1101 2118 1484 2231 Interim,
1551 2150 1790 2234 quum
1858 2114 2108 2207 icones
2167 2127 2642 2209 Αιιᾶοηιηι
2750 2101 2945 2206 nihil

309 2251 606 2334 alterius
665 2250 877 2334 floris
938 2250 1439 2361 exprimant,
1506 2253 2010 2363 descriptione
2117 2274 2552 2337 memorata
2620 2277 2662 2333 a
2732 2253 2948 2351 tedio

313 2380 616 2462 tramite
651 2403 789 2463 nos
819 2378 1083 2461 deduci
1117 2404 1274 2461 non
1315 2384 1708 2489 patiemur.
1750 2376 1874 2463 Cl.
1913 2388 2474 2472 STELLERUS
2525 2380 2753 2461 habet
2797 2404 2945 2489 pro

305 2506 770 2589 Scorzonera
901 2506 1349 2618 angzssisolia
1409 2514 1662 2616 prima
1727 2510 1826 2625 B:
1880 2516 2042 2618 pin.
2139 2526 2253 2601 27
2265 2527 2307 2602 5
2328 2568 2345 2582 .
2413 2522 2493 2585 et
2573 2504 2737 2587 sane
2806 2530 2950 2588 nec

306 2630 841 2739 descriptiones
904 2654 1042 2711 nec
1109 2634 1365 2713 icones
1427 2646 1621 2722 CLU
1636 2645 1742 2718 511
1790 2650 1872 2712 et
1933 2631 1998 2712 Ι.
2035 2707 2038 2709 ,
2071 2626 2168 2709 Β.
2210 2630 2638 2712 abhorrent.
2706 2628 2955 2718 Nobis
3060 2691 3070 2701 .

299 2760 622 2873 ,perinde
681 2757 787 2840 est
822 2818 848 2859 ,
914 2773 1072 2865 quo
1129 2756 1336 2840 dista
1395 2757 1639 2865 planta
2585 2818 2607 2855 ‚
2672 2785 2770 2842 an
2853 2759 2949 2845 ad

302 2890 762 3000 sequentem.
869 2884 1074 2998 Quid
1155 2909 1423 2968 verum
1494 2883 1639 2992 fit,
2585 2887 2623 2968 fi
2692 2888 2946 2998 planta

274 3017 888 3110 nominatorum
954 3012 1394 3097 Aucstorum
1450 3033 1625 3094 ante
1701 3034 1973 3095 oculos
2031 3034 2380 3120 ponatur.
2481 3034 2567 3096 m
2637 3015 2946 3123 quidem

296 3147 403 3230 de
467 3141 820 3230 omnibus
879 3137 1362 3227 Scorzoneris
1421 3140 1665 3224 adhuc
1757 3138 2130 3252 descriptis
2194 3140 2604 3248 optandum
2705 3141 2944 3248 estet,

295 3280 406 3358 ne
470 3273 862 3356 varietates
923 3295 1069 3380 pro
1132 3265 1512 3380 speciebus
1567 3268 1994 3377 distinctis,
2057 3283 2189 3352 aut
2223 3264 2497 3378 species
2546 3270 2623 3352 d1
2632 3269 2944 3354 stinctae

299 3427 452 3513 pro
511 3399 986 3492 varietatibus
1039 3398 1512 3483 haberentur.

432 3528 527 3612 In
594 3531 814 3612 omni
878 3524 1142 3612 Sibiria
1199 3525 1541 3638 frequens
1569 3526 1718 3634 est,
1784 3525 1954 3610 loca
1989 3523 2312 3609 editiora
2407 3523 2596 3630 sicca
2652 3552 2940 3613 amans.

303 3657 485 3745 Nec
551 3677 816 3740 tamen
882 3656 1254 3739 culturam
1319 3656 1668 3769 respuit3
1733 3651 1959 3738 Horti
2028 3653 2238 3766 enim
2321 3654 2559 3739 nostri
2640 3656 2943 3741 Acade-

300 3787 494 3871 mici
554 3787 906 3896 indigena
966 3785 1221 3895 planta
1287 3785 1420 3869 est.

445 3913 734 4000 Ruffice
795 3940 1108 3999 nombe
1149 3939 1544 4034 impense
1604 3909 1880 3997 dicitur
1936 3928 2014 3995 et
2078 3906 2467 3996 summum
2507 3912 2701 3998 inter
2766 3910 2939 3999 vul-
3022 3924 3030 3931 ’

264 4043 600 4152 ,11554ῑί5
658 4040 959 4127 Sibirica
1020 4043 1276 4127 locum
1345 4043 1562 4127 nacta
1619 4041 1751 4125 est.
1881 4036 1973 4121 In
2037 4040 2352 4124 vulnere
2426 4066 2875 4154 quocunque
2911 4106 2937 4150 ,

300 4168 437 4252 vel
503 4169 656 4252 ictu
718 4172 997 4278 glandis
1057 4169 1571 4280 stlopetariae,
1636 4169 1764 4253 vel
1825 4167 2152 4283 sciffione
2186 4233 2211 4277 ,
2273 4169 2397 4253 vel
2464 4171 2881 4281 punctione
2912 4235 2937 4279 ,

298 4298 550 4405 fac'tO,
591 4315 755 4380 tam
794 4298 1038 4384 forma
1075 4297 1421 4408 decocti,
1478 4321 1707 4410 quam
1773 4297 2081 4384 crudam
2148 4317 2226 4379 et
2289 4297 2714 4409 integram,
2780 4295 2941 4382 nul-

302 4428 519 4536 laque
557 4431 1146 4537 praeparatione
1176 4426 1637 4533 alteratam,
1701 4428 1918 4510 miris
1979 4424 2309 4510 laudibus
2367 4446 2446 4510 et
2506 4428 2597 4510 ad
2664 4424 2944 4511 fabulae
2961 4431 2989 4435 ’“

299 4581 544 4667 nsque
580 4557 975 4652 licentiam
1001 4556 1441 4664 extollunt,
1477 4556 1638 4639 illas
1697 4557 2008 4667 quidem
2071 4556 2353 4641 radices
2385 4551 2945 4670 praeferentes.

1454 4687 1538 4771 A
1608 4709 1661 4764 2
1742 4694 1748 4699 ’
2683 4684 2950 4795 quibus
