4378 5721
1398 583 1514 686 ’με
1531 579 1585 672 8'
2383 570 3048 676 TRICOCC‘AE.

1393 816 1606 922 dem,
1681 807 2012 897 frustum
2082 807 2511 922 oblongum
2552 877 2578 920 ,
2640 812 3172 901 vmbilicatum
3239 799 3468 921 (non
3499 822 3691 887 vero
3719 798 3826 887 est
3858 797 4045 889 vmss

1401 945 1745 1030 bilicatus
1785 1010 1805 1048 ,
1869 945 1992 1028 sed
2072 943 2246 1027 stilo
2312 960 2615 1025 tantum
2680 941 3054 1052 superstite·
3111 953 3525 1033 exornatus
3559 999 3582 1040 ,
3646 926 3676 1043 )
3742 930 4046 1019 ossiculo

1400 1098 1569 1159 vno
1640 1072 1980 1181 oblongo
2056 1070 2225 1154 faris
2274 1072 2505 1182 'grani
2589 1062 2838 1154 forma
2922 1072 3214 1156 fbetum
3252 1133 3277 1174 ,
3342 1056 3866 1194 coniecturam
3946 1064 4049 1194 ad

1392 2748 1746 2830 ‘vmbilici
1812 2764 1944 2830 aut
2000 2748 2349 2859 trianguli
2414 2748 2946 2830 incumbentis.
3052 2748 3450 2863 Quoniam
3513 2748 3757 2856 igitur
3817 2769 4050 2859 genus

1392 2874 1642 2960 adhuc
1708 2876 2087 2965 incertum
2146 2875 2318 2983 est,
2376 2870 2517 2959 hie
2573 2872 2996 3062 relinquere
3038 2873 3331 2984 mal0,
3395 2876 3647 2963 donec
3726 2880 4046 2962 certiora

1360 2999 1880 3102 ‚annotescann
3083 3068 3088 3074 .

1351 3239 1446 3254 ἡ
1516 3263 1766 3352 Rami
1830 3258 2103 3372 viginti
2161 3276 2252 3346 et
2311 3256 2562 3374 plures
2594 3329 2620 3372 ‚
2684 3284 2879 3373 quos
2933 3261 3152 3348 radix
3217 3264 3494 3378 spargit
3526 3331 3552 3375 ‚
3615 3264 3698 3349 in
3766 3264 4046 3350 orbem

1390 3391 1942 3508 procumbunt.
2077 3390 2299 3485 Folia
2373 3391 2591 3502 gustu
2682 3390 2852 3475 salsa
2884 3458 2911 3500 ,
3005 3390 3265 3497 seffifia
3299 3459 3325 3502 ‚
3427 3396 3585 3478 duo
3617 3458 3643 3501 ‚
3744 3396 3883 3478 tria
3951 3394 4050 3479 ad

1388 3525 1732 3636 quinque
1763 3585 1791 3629 ,
1855 3520 1940 3603 in
2004 3516 2398 3623 fasciculos
2457 3516 2664 3604 nullo
2726 3522 2997 3604 ordine
3065 3521 3411 3632 congesta
3449 3588 3473 3629 ,
3557 3520 4054 3605 iemiuncialis

1392 3640 1477 3736 et
1536 3648 1800 3761 paullo
1859 3648 2176 3734 maioris
2243 3645 2729 3758 longitudinis
2762 3714 2789 3756 ,
2846 3647 3255 3733 latitudinis
3317 3652 3556 3733 trium
3591 3669 3673 3732 et
3721 3650 4054 3735 duarum

1383 3780 1757 3866 liuearum
1801 3841 1825 3882 ,
1912 3802 1961 3862 e
2030 3777 2181 3863 bafi
2247 3777 2555 3888 angusta
2618 3776 3016 3885 paullatim
3080 3776 3391 3861 dilatata
3454 3774 3723 3861 obtuso
3826 3779 3994 3863 fine
4026 3846 4055 3890 ,

1385 3935 1548 3994 non
1614 3929 1880 3992 tamen
1944 3905 2237 4019 prorsus
2304 3931 2463 3989 non
2530 3925 2983 3989 mucronato
3025 3971 3049 4013 ,
3104 3907 3633 3990 terminantur.
3758 3903 4059 3992 Baccae

1383 4037 1720 4152 quinque
1786 4036 1882 4118 ad
1945 4029 2386 4148 quindecim
2451 4058 2688 4144 vsque
2768 4034 3095 4120 berberis
3156 4035 3485 4120 {iustum
3584 4037 4061 4148 magnitudi-

1377 4189 1496 4251 ne
1562 4160 1983 4274 superantes
2016 4225 2042 4268 ‚
2118 4184 2168 4241 e
2229 4163 2548 4245 racemis
2583 4224 2609 4268 ,
2675 4168 2795 4242 vti
2886 4166 2971 4246 in
3003 4156 3259 4276 solano
3316 4165 3654 4276 pendent
3689 4231 3714 4272 ,
3798 4183 3883 4249 et
3948 4165 4064 4251 fi·

1387 4314 1585 4406 pore
1651 4287 1852 4373 dulci
1913 4291 2006 4373 ad
2067 4283 2327 4388 cerasa
2388 4287 2543 4372 fere
2608 4293 3002 4377 accedunt.
3168 4292 3375 4378 Haec
3439 4318 3543 4375 ex
3609 4290 4065 4408 descriptio-

1391 4447 1489 4506 ne
1547 4419 1628 4501 b.
1695 4428 2173 4509 STELLERI
2239 4418 2514 4501 addere
2611 4421 2902 4507 necefle
2999 4420 3212 4509 duxi.
3344 4420 3667 4528 leonem
3773 4422 4069 4509 ramuli
4195 4435 4199 4440 ’

1382 4550 1600 4637 idem
1667 4546 1765 4632 ad
1830 4546 2100 4633 viuum
2171 4542 2346 4632 fieri
2408 4544 2713 4632 curauit.
3815 4669 3872 4771 S

1912 4715 1917 4720 .
2506 4700 2510 4704 ·
3872 4700 4064 4764 m..
