4378 5721
1339 680 1451 763 15
1473 687 1519 740 2
1903 652 2051 744 ιν.
2115 620 2686 745 FLORIBVS
2752 643 3365 748 RADIATIS.

1337 888 1605 976 medio
1670 885 2114 999 plerumque
2171 889 2481 975 rubente
2515 960 2538 1000 ,
2572 876 2885 975 'flostuli
2946 889 3135 975 radii
3171 910 3450 968 nonem
3488 882 3780 967 circiter
3812 882 3975 968 lbe-

1336 1018 1610 1101 mellae
1649 1082 1672 1123 ,
1735 1018 2045 1125 quidam
2109 1022 2321 1128 apice
2392 1020 2722 1129 integri,
2791 1019 3090 1129 quidam
3163 1014 3425 1097 leuiter
3458 1015 3903 1121 emarginati
3944 1077 3971 1119 ‚

1334 1146 1772 1256 ibidemque
1834 1143 2249 1253 latiustuli,
2319 1173 2660 1259 vnguem
2698 1146 2938 1231 versus
2969 1143 3364 1228 contrasti.
3492 1139 3790 1224 Semina
3826 1142 3973 1223 ob-

1339 1273 1564 1383 longa
1602 1339 1625 1379 ,
1691 1274 2004 1413 leuiter
2026 1276 2166 1358 stri
2154 1295 2273 1357 ιιι
2310 1342 2334 1379 ,
2434 1278 2599 1387 pilis
2664 1277 2902 1385 longis
3002 1269 3524 1357 candidissimis
3615 1269 3976 1354 mollibus

1339 1421 1762 1511 coronata,
1823 1364 2300 1517 receptaculo
2366 1407 2569 1489 nudo
2631 1404 3060 1513 infiguntur.

1471 1530 1684 1615 Folia
1752 1530 1958 1613 floris
2037 1550 2395 1643 tempore
2477 1558 2840 1644 perquam
2924 1555 3205 1640 parua,
3270 1532 3605 1613 circaeae
3667 1528 3964 1612 minoris

1336 1655 1530 1747 foliis
1594 1657 1791 1744 haud
1850 1657 2180 1745 multum
2249 1663 2605 1745 absimilia
2643 1728 2664 1770 ,
2735 1658 3210 1770 singularibus
3274 1642 3614 1741 tenuibus
3719 1656 3969 1765 petio-

1332 1784 1432 1872 lis
1490 1788 2044 1873 dodrantalibus
2108 1808 2188 1872 et
2253 1791 2718 1881 breuioribus
2756 1852 2778 1888 ‚
2848 1787 3294 1899 prodeuntia
3334 1852 3357 1891 ,
3443 1779 3715 1868 venosa
3750 1850 3774 1892 ,
3859 1779 3972 1867 su-

1331 1941 1470 2026 pra
1536 1916 1847 2024 pulchre
1902 1915 2286 2028 fiitureque
2354 1920 2621 2002 viridia
2642 1985 2664 2028 ,
2765 1915 2951 1999 infra
3047 1915 3214 1997 alba
3310 1935 3390 1996 et
3486 1909 3901 2021 lanuginosa
3938 1974 3966 2018 ,

1339 2045 1597 2153 postea
1663 2065 1911 2128 autem
1977 2044 2148 2131 folia
2217 2047 2468 2131 multo
2522 2048 2900 2156 ampliora
2965 2044 3330 2149 euadunt,
3397 2065 3549 2125 vna
3612 2066 3786 2124 cum
3825 2064 3965 2149 pe-

1334 2171 1607 2282 tiolis;
1673 2171 1777 2256 Hi
1843 2176 2058 2258 enim
2141 2176 2611 2279 dodrantales
2684 2196 2763 2258 et
2825 2170 3174 2257 cubitales
3252 2187 3647 2253 occurrunt
3679 2234 3702 2274 ,
3803 2169 3963 2278 qui-

1334 2300 1518 2383 dam
1586 2289 1890 2410 egregie
1958 2305 2305 2389 rubentes
2341 2371 2363 2409 ,
2428 2303 2553 2385 alii
2622 2302 2886 2412 pallide
2963 2299 3235 2411 virides
3272 2364 3294 2407 ‚
3393 2323 3554 2380 tara
3613 2297 3966 2405 lanugine

1334 2428 1812 2539 pubescentes
1853 2497 1874 2537 ‚
1937 2435 2254 2514 anterius
2317 2430 2542 2515 fossae
2606 2431 2825 2513 instar
2889 2428 3232 2511 excauati
3270 2492 3292 2533 ,
3357 2427 3709 2537 posterius
3772 2450 3964 2506 con-

1332 2559 1585 2662 vexi,
1654 2559 2007 2664 odorati,
2076 2560 2379 2643 fistulofi
2417 2625 2439 2663 ,
2510 2559 2839 2644 medulla
2902 2555 3116 2641 sardii
3153 2621 3177 2664 ,
3246 2553 3426 2637 folia
3454 2574 3739 2643 ‘autem
3781 2577 3965 2662 pro-

1330 2681 1566 2802 fundo
1630 2685 1784 2768 finu
1849 2684 2257 2774 semilunari
2321 2692 2399 2771 in
2464 2688 2611 2772 basi
2679 2705 3045 2772 excauata
3080 2750 3103 2790 ,
3140 2685 3611 2767 clrcumcirca
3660 2679 3968 2791 profun-

1249 2828 1258 2833 '
1331 2810 1430 2897 de
1497 2811 1775 2898 sinuosa
1841 2812 2002 2898 sunt
2041 2882 2063 2921 ,
2129 2833 2210 2898 et
2273 2819 2693 2904 admodum
2761 2812 3098 2923 angulosa
3137 2879 3159 2922 ‚
3225 2812 3454 2895 acen's
3550 2809 3698 2894 stre
3764 2809 3967 2893 foliis

1331 2941 1600 3028 fimilia
1641 3007 1663 3047 ,
1732 2945 1969 3049 magis
2030 2961 2156 3024 aut
2222 2946 2470 3026 minus
2532 2943 2901 3052 produd’ta
2937 3009 2959 3048 ,
3025 2940 3237 3051 saepe
3270 2939 3726 3050 semipedem
3760 2937 3961 3021 *lon-

1331 3093 1432 3176 ga
1499 3089 1578 3150 et
1642 3071 1785 3152 lata
1823 3130 1846 3169 ,
1919 3066 2209 3178 septem
2280 3090 2405 3154 aut
2466 3071 2654 3155 osto
2715 3070 3140 3154 eminentiis
3201 3068 3283 3151 in
3345 3068 3643 3178 singulis
3701 3067 3959 3151 lateri-

1331 3194 1470 3280 bus
1529 3195 1922 3306 conspicua
1963 3262 1984 3303 ,
2049 3197 2236 3282 infra
2296 3225 2453 3286 non
2515 3202 2823 3313 quidem
2883 3197 3198 3284 candida
3232 3263 3255 3303 ,
3316 3214 3443 3280 aut
3500 3196 3693 3279 adeo
3741 3193 3958 3305 spisse

1330 3323 1818 3433 lanuginosa,
1881 3343 2215 3412 attamen
2280 3329 2505 3412 valde
2600 3333 2859 3414 incana
2893 3391 2918 3434 ‚
3014 3327 3222 3434 supra
3284 3324 3645 3438 lanuginis
3718 3326 3958 3408 cuius-

1328 3452 1507 3535 dam
1574 3477 1730 3535 vno
1793 3469 1871 3535 et
1934 3454 2177 3538 altero
2212 3455 2460 3542 flocco
2522 3456 2819 3569 sparsim
2888 3455 3192 3538 vestita.

1463 3574 1684 3664 Circa
1745 3581 2018 3665 vrbem
2120 3579 2468 3700 Ienifham
2562 3586 2692 3673 sub
2751 3586 3054 3676 initium
3121 3582 3317 3668 Maii
3378 3584 3458 3667 in
3529 3582 3957 3692 palustribus

1326 3707 1642 3818 floruit,
1679 3710 1927 3793 inueni
1963 3712 2271 3821 postea
2254 3742 2326 3797 ιιι
2369 3715 2797 3825 palustribus
2858 3712 3041 3796 locis
3102 3714 3196 3796 ad
3262 3703 3640 3796 Soaonem
3672 3708 3953 3825 (Sokto)

1323 3836 1578 3924 lacum
1661 3838 2188 3959 ssarabenfium
2287 3868 2738 3953 camporum
2805 3861 2883 3925 et
2944 3864 3193 3950 prope
3283 3842 3570 3926 Taram
3666 3842 3951 3924 vrbem

1325 3989 1606 4075 magna
1668 3969 1744 4051 in
1805 3972 2021 4080 copia
2065 4031 2088 4073 ‚
2150 3981 2696 4066 STELLERUS
2746 3989 2998 4054 autem
3064 3970 3143 4052 in
3208 3969 3382 4054 silua
3460 3968 3805 4079 paludosa
3868 3984 3955 4052 et

1318 4093 1682 4178 colliculis
1746 4095 2084 4178 muscosis
2144 4098 2507 4205 inaequali
2567 4099 3090 4212 quinquaginta
3149 4097 3325 4179 duas
3386 4097 3626 4180 leucas
3684 4098 3781 4180 ab
3816 4119 3956 4179 vr·-

1255 4250 1289 4286 «r
1324 4220 1422 4304 be
1514 4222 1795 4310 Ircutia
1859 4243 1935 4307 et
1994 4225 2172 4309 duas
2268 4225 2508 4308 leucas
2570 4251 2615 4310 a
2687 4229 2862 4313 villa
2961 4224 3093 4313 W
3081 4216 3604 4339 orqschilouetfi
3636 4291 3660 4333 ,
3723 4225 3779 4310 fi
3843 4248 3948 4307 ex

1321 4352 1896 4468 Dementieuetgfi
1951 4353 2042 4437 ad
2107 4353 2321 4436 illam
2388 4355 2529 4437 iter
2595 4355 2722 4458 fit,
2790 4383 2969 4440 cum
3028 4353 3305 4436 semina
3374 4352 3521 4436 fere
3585 4356 3741 4436 iam
3785 4375 3955 4463 per-

1302 4481 1615 4599 ‚diderat
1652 4548 1673 4589 ,
1709 4499 1801 4564 vt
1834 4503 1911 4564 et
1943 4483 2037 4566 ad
2070 4483 2264 4566 lacus
2297 4509 2341 4565 ιι
2377 4482 2662 4569 Iacutia
2719 4484 2909 4569 vrbe
2972 4485 3067 4568 ad
3130 4480 3503 4568 Aldanum
3536 4485 3771 4602 vsque'
3803 4480 3951 4565 ob-

1317 4610 1486 4700 vios
1539 4635 1820 4726 magna
1880 4614 2156 4732 pariter
2221 4614 2442 4730 copia
2505 4631 2759 4716 natam
2816 4612 3037 4700 vidit.

3745 4737 3955 4829 Icon
