4378 5721
1382 630 1506 721 54-
2263 599 2374 700 Π.
2400 663 2410 692 2
2438 591 3130 700 CAPITATAE.

1372 858 1495 930 ter
1558 834 2154 932 semiuncialibus
2216 831 2736 924 innixa.1n
2802 833 3055 945 planta
3121 858 3278 918 non
3340 833 3636 922 ramofir
3702 837 4014 927 vnicum

1370 969 1796 1094 capitulum
1854 966 2150 1054 caulem
2234 963 2652 1070 terminat,
2676 963 3202 1075 plerumque
3298 961 3752 1079 conspicue,
3820 993 4015 1054 non-

1377 1122 1770 1210 nunquam
1836 1122 2129 1208 patum
2168 1098 2471 1201 maius,
2533 1115 2769 1205 quam
2830 1098 2911 1175 in
2974 1091 3231 1203 planta
3324 1092 3647 1181 ramola.
3776 1093 4023 1210 Capi·
4078 1151 4088 1160 -

1383 1226 1630 1314 tulum
1663 1224 2085 1348 oblongum
2120 1225 2231 1312 est
2248 1244 2726 1332 ,conumque
2757 1217 3024 1329 refert,
3057 1224 3541 1309 contractum
3576 1241 3704 1334 aut
3732 1224 4022 1311 ctaffius

1387 1354 1769 1443 interdum
1802 1417 1829 1462 ‚
1896 1352 2094 1442 flore
2160 1370 2418 1444 autem
2479 1349 2810 1435 euanido
2840 1413 2867 1455 ‚
2969 1351 3272 1461 quando
3367 1351 3639 1437 stilicet
3736 1351 4026 1439 flemina

1380 1482 1717 1580 crescunt
1749 1547 1778 1594 ,
1840 1479 2146 1582 inferior
2211 1505 2383 1595 pars
2445 1480 2691 1589 magis
2755 1496 3003 1587 turget
3036 1545 3061 1587 ‚
3125 1500 3206 1563 et
3267 1481 3681 1592 capitulum
3746 1481 3827 1567 iu
3875 1479 4031 1567 for-

1384 1636 1613 1701 mam
1678 1609 1847 1723 pyri
1907 1609 2172 1698 inuerfi
2269 1605 2671 1719 effigiatur.
2802 1601 3247 1717 Capitulum
3346 1610 3628 1694 florens
3671 1625 3674 1628 ’
3721 1627 4030 1696 externa

1390 1757 1615 1859 parte
1677 1739 1868 1826 infra
1929 1741 2127 1825 vitet
2160 1804 2187 1849 ‚
2257 1735 2470 1848 fiipra
2534 1762 2582 1819 e
2646 1733 2995 1820 violaceo
3057 1736 3513 1848 purpurascit
3579 1756 3665 1822 et
3720 1741 3804 1824 in
3837 1737 4028 1823 flore

1394 1867 1741 1981 expanso
1791 1894 1861 1954 ax
1900 1874 2169 1962 triente
2229 1865 2497 1951 vnciae
2560 1864 2657 1950 ad
2718 1862 3207 1966 semiunciam
3269 1864 3510 1951 latum
3571 1867 3710 1952 est.
3759 1864 4030 1979 -Squa-

1389 2023 1700 2086 marum
1762 1995 2021 2083 calicis
2084 2021 2257 2111 pars
2318 2017 2695 2104 apparens
2754 1993 3245 2078 extremitate
3306 2020 3352 2078 a
3413 1995 3642 2084 calice
3674 1994 3846 2106 plus
3873 1994 4033 2081 mi·

1394 2149 1536 2211 nus
1597 2125 1946 2233 recedit,
2011 2145 2095 2211 et
2157 2128 2239 2211 in
2299 2123 2634 2212 debilem
2702 2121 3164 2232 breuemque
3225 2120 3523 2232 spinam
3556 2124 4035 2209 terminatur.

1396 2250 1715 2360 Flosculi
1778 2255 2056 2365 pallide
2126 2253 2483 2367 purpurei
2518 2316 2543 2358 ‚
2612 2249 2932 2334 minimi
2961 2313 2987 2355 ‚
3052 2272 3100 2331 e
3164 2251 3352 2336 tubo
3417 2252 3661 2362 iongo
3746 2252 4052 2342 albente.

1396 2381 1490 2467 iu
1547 2384 1876 2494 quinque
1934 2383 2269 2497 angustas
2300 2447 2326 2490 ,
2391 2402 2648 2493 prope.
2695 2376 3031 2490 aequales
3063 2442 3087 2483 ,
3151 2397 3234 2461 et
3298 2375 3641 2490 respectu
3673 2381 3834 2466 tubi
3866 2405 4037 2493 per·

1394 2508 1659 2596 breues
1733 2511 2028 2603 lacinias
2098 2509 2673 2623 expanduntur.
2799 2502 3154 2592 Anthera
3247 2505 3405 2590 stre
3464 2525 3625 2594 tota
3680 2509 3851 2596 alba
3912 2509 4044 2597 est.

1400 2632 1720 2726 Semina
1783 2640 2174 2752 oblonga,
2236 2637 2552 2749 glabra,
2612 2651 2696 2718 et
2762 2632 3158 2744 longarum
3194 2625 3839 2750 candidatumque
3870 2640 4045 2752 plu-
4129 2676 4136 2682 ·

1405 2788 1712 2865 mamm
1778 2790 2066 2856 corona
2127 2785 2551 2871 exornata,
2617 2762 2697 2844 in
2758 2761 3242 2871 receptaculo
3299 2762 3545 2875 piloib
3588 2766 4038 2857 nidulanuu.

1532 2892 1861 2982 Summa
1910 2898 2033 2991 est
2095 2892 2510 2985 fimihtudo
2566 2913 2750 3005 cum
2808 2883 3053 3003 Cisso
3110 2893 3374 2980 inermi
3429 2891 3759 3004 glum,
3828 2896 4044 3018 sabis

1412 3019 1742 3129 ematis,
1805 3020 2123 3109 dentatis
2180 3035 2478 3119 ΒΑΜ...
2536 3017 2622 3106 H
2621 3014 2770 3107 elv
2837 3022 2898 3096 6
2910 3028 2956 3121 8
2978 3041 3052 3105 1.
3115 3017 3316 3105 Tab.
3352 3021 3669 3110 XVIII.
3737 3045 3816 3110 et
3862 3036 4045 3140 pro-

1414 3168 1594 3262 pter
1653 3151 1991 3241 radicem
2058 3152 2298 3239 etiam
2358 3166 2544 3235 cum
2607 3142 2682 3234 C
2682 3147 2846 3263 ιζΙίο
2906 3144 3121 3263 soliis
3153 3139 3727 3264 semipinnatis,
3793 3160 4051 3275 pinnis

1397 3269 1877 3391 semibilobis,
1941 3282 2302 3393 capitibus
2362 3275 2750 3366 inermibus
2783 3274 3277 3390 maribus
3337 3280 3469 3393 Ej.
3514 3289 3570 3364 6
3585 3297 3631 3372 8
3645 3308 3724 3365 2.
3801 3284 3920 3372 {ed
3951 3287 4064 3373 ab

1413 3406 1556 3505 illo
1617 3404 1868 3495 differt
1931 3410 2328 3519 praecipue
2391 3404 2624 3493 ramis
2688 3402 3028 3493 floriferis
3092 3405 3343 3494 multo
3397 3409 3919 3524 longioribus,
3951 3416 4051 3502 ab

1419 3533 1576 3629 hoc
1638 3532 1834 3629 soliis
1888 3536 2420 3680 integerrimis,
2482 3529 2828 3623 Difficile
2890 3551 3162 3621 autem
3182 3533 3308 3621 cst
3319 3536 3692 3649 definire,
3753 3568 3856 3627 an
3884 3542 4052 3655 spe·

1417 3664 1537 3750 cie
1600 3662 2007 3775 diffluant,
2070 3664 2471 3776 praecipue
2529 3663 2610 3747 in
2672 3661 2817 3747 hac
2883 3661 3304 3773 plantamm
3363 3666 3639 3778 claffe,
3706 3670 3839 3756 vbi
3867 3673 4062 3758 adeo

1419 3792 1724 3902 insignis
1781 3792 2027 3911 saepe
2054 3790 2479 3877 obieruatur
2547 3809 2712 3875 tum
2779 3793 2860 3874 in
2920 3791 3440 3902 capitulorum
3500 3796 3809 3907 filma,
3885 3819 4059 3887 tum

1421 3921 1504 4005 in
1569 3916 1933 4006 foliorum
1976 3921 2417 4030 integritate
2477 3937 2558 4007 et
2614 3904 3085 4004 incifionibus
3142 3938 3474 4009 namrae
3535 3927 4066 4015 inconstantia.

1423 4042 1554 4130 Cl-
1619 4059 2088 4141 LINNAEUS
2135 4073 2316 4132 cum
2380 4046 2680 4133 Carduo
2732 4049 2844 4141 in
2873 4071 3114 4133 auena
3193 4053 3655 4162 proaeaenieme
3731 4056 3833 4142 B.
3896 4060 4061 4171 pin.

1424 4194 1885 4285 comparat,
1948 4194 2029 4263 et
2084 4173 2603 4284 differentiam
2665 4198 2857 4287 quae
2909 4176 3062 4291 ipfi
3118 4177 3473 4267 camillo
3535 4179 4067 4300 imercedunt,

1251 4357 1257 4365 ·
1427 4301 1801 4412 recenset,
1864 4329 2049 4413 quas
2104 4304 2282 4388 vide
2342 4303 2399 4388 1.
2463 4330 2539 4388 c.

1564 4428 1781 4515 Duas
1837 4430 2056 4516 huius
2118 4433 2421 4543 plantae
2486 4434 2778 4539 icones
2795 4432 2961 4527 fiai
3021 4438 3500 4550 unanimus,
3566 4392 3873 4555 quam
3907 4467 4072 4533 vna

1438 4558 1777 4789 plantam
1838 4559 2157 4650 exhibet
2217 4560 2597 4657 ramosam
2658 4562 3000 4679 capitulis
3055 4566 3304 4683 puniit»
3333 4630 3362 4681 ,
3401 4505 3718 4685 eiusmne
3760 4572 4073 4660 infimio-

2713 4768 2732 4789 2
2875 4776 2884 4787 .
3892 4726 4064 4795 rem
