4378 5721
1363 635 1498 738 ’σε
2275 647 2405 743 ιι.
2465 593 3110 742 CAPITATAE.

1354 878 1728 997 ceptaculi
1784 876 2004 968 ‘albos
2064 882 2476 969 recondita.
2602 879 2923 995 Singulis
2979 881 3323 994 capitulis
3413 875 3700 968 &allum
3783 875 4008 967 solio·-

1356 1033 1536 1101 rum
1602 1013 1955 1127 quinque,
1997 1034 2123 1099 aut
2206 1012 2338 1098 sex
2399 1011 2656 1098 subest
2731 1015 2979 1097 variae
3077 1011 3557 1126 longitudinis
3596 1078 3620 1121 ,
3716 1010 4004 1096 eximie

1356 1143 1834 1255 spinosorum
1876 1211 1900 1253 ,
1964 1170 2153 1257 quae
2220 1170 2266 1228 a
2318 1142 2630 1253 *caulittis
2691 1166 2789 1225 eo
2851 1144 3200 1227 differunt
3237 1210 3260 1254 ‚
3327 1143 3536 1258 quod
3571 1138 3821 1225 multo
3853 1140 4009 1225 mi⁴

1359 1298 1549 1356 nora
1613 1275 1811 1381 fint,
1877 1296 1957 1358 et
2018 1275 2220 1385 quod
2288 1272 2519 1356 aculei
2564 1272 2920 1382 ,quibus
2984 1273 3313 1358 ambitus
3379 1289 3777 1378 armam,
3843 1265 4040 1354 'sae-'

1357 1428 1461 1514 pe
1527 1429 1805 1513 p.-.1rpu
1794 1429 1994 1488 eum
2068 1401 2545 1487 flosculorum
2608 1403 2946 1486 colorem
3013 1419 3475 1488 mutuentur.

1489 1529 1582 1614 In
1652 1534 1872 1615 icone
1937 1531 2130 1617 mult
2131 1558 2176 1614 a
2277 1528 2455 1614 folia
2518 1531 2611 1614 ad
2675 1556 2785 1613 m
2769 1533 3170 1614 nuendam
3275 1527 3587 1644 pistoris
3685 1519 4004 1643 operam

1356 1659 1503 1746 'res
1516 1658 1641 1742 &a
1696 1659 1892 1748 fimt.
2019 1663 2125 1745 A.
2197 1658 2614 1770 capitulum
2684 1658 3082 1769 separatim
3150 1661 3498 1747 exhibet.

1360 1801 1365 1808 ’
1493 1790 1865 1873 Affinitas
1896 1791 2002 1874 est
2033 1815 2215 1873 cum
2253 1790 2482 1903 Cirflo
2517 1784 2756 1901 alpino
2789 1781 3314 1901 spinostffimo,
3361 1787 3680 1903 floribus
3751 1783 3999 1874 ochrm

1362 1913 1644 2026 leucis,
1706 1922 1901 2004 inter
1938 1909 2421 2033 flauesce'ntia
2466 1915 2666 2033 folia
2720 1917 3056 2032 congestis
3120 1927 3416 2009 HALL.
3469 1916 3713 2004 Helv.
3755 1923 3966 2020 679.
4055 2007 4062 2018 ,

1493 2045 1578 2131 Α
1644 2046 1843 2135 laico
1902 2048 2139 2134 fluuio
2204 2049 2301 2134 ad
2367 2045 2764 2156 Angaram
2828 2068 3060 2156 vsque
3099 2112 3123 2154 ,
3227 2065 3319 2130 vt
3376 2065 3458 2131 et
3515 2047 3596 2129 in
3659 2042 4004 2161 Bargtfi-

1359 2176 1554 2291 nenfi
1613 2177 1856 2260 tractu
1920 2177 2247 2264 occurrit
2284 2244 2310 2285 ‚
2378 2178 2454 2260 in
2492 2177 2676 2261 locis
2711 2242 2734 2283 ,
2795 2177 3186 2263 altitudine
3218 2173 3757 2289 quinquaginta
3791 2178 4004 2287 quin·

1358 2328 1510 2416 que
1560 2308 1959 2415 *graduum
2027 2331 2184 2390 non
2278 2304 2772 2417 superioribus
2809 2369 2835 2412 ‚
2935 2323 3098 2389 tam
3166 2306 3247 2388 in
3310 2304 3473 2391 solo
3569 2303 3944 2418 vliginosb
3981 2366 4005 2411 ,

1352 2458 1589 2543 quam
1657 2432 2062 2544 praecipue
2120 2435 2201 2518 in
2264 2435 2556 2546 campis
2613 2434 2891 2545 apricis
2928 2491 2956 2537 ,
3035 2453 3192 2517 non
3259 2433 3683 2520 admodum
3780 2431 4012 2518 ficcis.

1348 2571 1912 2655 STELLERUS
1956 2563 2353 2648 existimat
2386 2627 2414 2673 ‚
2473 2564 2914 2646 varietatem
2984 2564 3328 2647 acaulam'
3422 2561 4006 2675 stequentiorem

1352 2691 1500 2775 effe
1533 2757 1559 2800 ,
1621 2716 1859 2801 quam
1926 2691 2247 2785 alteram
2286 2757 2312 2800 ,
2413 2688 2615 2775 mihi
2677 2708 2942 2776 autem
3005 2683 3252 2776 visum
3319 2689 3434 2777 est
3468 2757 3526 2796 „
3599 2711 4004 2802 vtramque

1351 2819 1650 2932 aequali
1712 2841 2042 2905 numero
2106 2817 2518 2931 prouenire
2553 2881 2580 2925 ,
2669 2815 3030 2927 saepeque
3093 2815 3409 2909 humilis
3471 2820 3664 2907 illius
3766 2820 4011 2906 varie-

1350 2952 1529 3030 tatis
1589 2950 1926 3033 mdicem
1993 2948 2254 3034 multis
2314 2945 2702 3031 vermibus
2762 2945 3044 3032 statere
3100 2950 3629 3063 deprehendi,
3664 2951 3742 3036 id
3800 2948 4009 3060 quod

1350 3076 1550 3167 forte
1613 3073 2042 3159 excretioni
2102 3072 2333 3160 caulis
2389 3071 2762 3158 obstaculo
2827 3073 2963 3160 est.

1380 3224 1387 3235 ’
1478 3203 1911 3290 Variemtes
1952 3230 1992 3317 J
1997 3229 2039 3318 J
2098 3223 2178 3287 et
2220 3232 2263 3319 J
2260 3231 2303 3318 J
2305 3230 2375 3316 J
2438 3204 2564 3288 in
2582 3195 2879 3317 Isetenst
2935 3204 3322 3317 prouincia
3394 3207 3660 3321 passim
3735 3233 4012 3365 proue-¹

1354 3332 1601 3423 niunt.
1728 3331 1984 3418 Flores
2042 3331 2168 3417 iub
2237 3333 2589 3419 medium
2649 3330 2824 3416 Iulii
2889 3336 3221 3446 pandere
3284 3339 3581 3485 incipit.

1482 3490 1531 3572 5
1557 3487 1637 3549 1.
1702 3455 2182 3550 CIRSIUM
2245 3461 2444 3547 foliis
2495 3458 2867 3573 spinetis,
2935 3460 3226 3548 hirffltis
3254 3532 3280 3575 ,
3378 3467 3763 3580 pinnatis,
3832 3468 4006 3580 pin·

1706 3592 1849 3679 nis
1907 3587 2426 3697 semibilobis,
2492 3588 2860 3702 capitibus
2935 3593 4005 3707 tomentos1s,turbinatis·,

1725 3720 2232 3839 pungentibus
2291 3728 2590 3811 HALL.
2646 3714 2886 3808 Helv.
2953 3728 3012 3800 6
3026 3732 3172 3826 83.
3248 3741 3309 3807 t.
3402 3752 3551 3811 22.

1854 3848 2205 3938 Carduzcs
2232 3844 2842 3967 lanceolatusfiue
2879 3837 3259 3971 hbeestris
3317 3865 3573 3948 DOD.
3607 3853 3680 3940 1.
3715 3851 3816 3940 Β.
3844 3852 3998 3941 111.

1858 3991 2207 4209 Οαιξᾱὸαω
2256 4101 2692 4196 lanceolatus
2720 4104 2854 4195 lat
2829 4107 2981 4228 sol’
2976 4135 3064 4197 us
3093 4104 3196 4194 B.
3241 4115 3406 4226 pin.
3486 4137 3538 4215 3
3558 4123 3604 4200 8
3620 4131 3702 4214 ς.
3747 4132 3992 4213 MOR„

1993 4234 2079 4324 h.
2115 4235 2268 4322 111.
2308 4267 2391 4351 p.
2440 4256 2641 4338 153.
2679 4238 2773 4326 S.
2810 4259 2895 4342 7.
2931 4239 3142 4325 Tab.
3179 4260 3332 4342 31.
3362 4243 3585 4349 1⁴17.
3618 4257 3998 4337 TOURN.

1989 4362 2060 4450 I.
2099 4369 2203 4455 R.
2244 4366 2353 4453 H.
2392 4391 2606 4472 440.

1862 4493 2394 4610 Eriocephahes
2454 4493 2790 4611 vulgaris
2818 4501 3067 4613 capite
3097 4497 3469 4590 turbinato
3503 4500 3780 4617 ,flore
3795 4504 4012 4618 puss-=

1968 4641 2240 4745 pareo
2261 4642 2590 4727 vam..
2655 4641 3091 4747 171801)
3161 4633 3400 4756 205.

3785 4756 4007 4849 Cu·-
