4378 5721
1142 607 1161 621 “
1336 621 1464 704 24
1960 593 2032 685 1.
2100 589 3239 683 SEMIFLOSCVLOSAE.

1329 824 1641 911 cedunt.
1707 822 2007 937 Pappus
2061 812 2391 937 fimplex
2458 825 2571 910 est
2635 842 2715 908 et
2744 823 3032 937 spiffiS,
3093 824 3480 934 aliquanto
3509 821 3605 909 ad
3670 820 3956 935 girvum

1136 979 1144 987 ·
1324 954 1671 1041 colorem
1709 954 2103 1039 accedens·

1453 1096 2020 1178 STELLERUS
2067 1084 2267 1168 inter
2326 1082 2693 1169 Iamiam
2754 1100 2836 1166 et
2900 1076 3301 1168 Ochotiam
3349 1081 3673 1167 inuenit.

1450 1209 1695 1297 Huius
1758 1230 1836 1296 et
1898 1212 2419 1324 praecedentis
2500 1211 2807 1323 plantae
2900 1213 3161 1296 icones
3218 1212 3315 1295 ad
3377 1211 3666 1323 plantas
3758 1209 3980 1295 siccas

1307 1337 1645 1426 metae
1705 1338 1860 1425 sunt
1898 1403 1923 1443 ‚
1984 1359 2066 1424 et
2102 1339 2480 1426 habitum
2546 1337 2967 1449 plantarum
3036 1339 3336 1448 optime
3397 1337 3866 1448 exprimunt.

1461 1492 1615 1554 αι.
1678 1464 2337 1557 HIERACIUM
2398 1467 2612 1552 caule
2670 1465 2970 1550 ramoth
3002 1528 3028 1572 ‚
3109 1465 3306 1550 ibliis
3403 1465 3971 1576 semiamplexi-

1448 1653 1453 1660 «
1778 1596 2108 1683 caulibus
2139 1662 2166 1705 ‚
2228 1596 2502 1679 teneris
2538 1662 2564 1704 ,
2627 1593 2981 1704 oblongis
3014 1657 3041 1700 ‚
3098 1594 3470 1704 plerisque
3536 1595 3910 1704 petiolatis
3944 1657 3971 1702 ,

1778 1726 2091 1839 petiolis
2149 1722 2601 1808 infimorum
2660 1724 3007 1806 dentatis.
3076 1722 3276 1805 Tab.
3342 1719 3498 1806 lx.

1847 1849 1885 1939 3
1947 1853 2384 1940 Hieracium
2443 1846 2825 1967 lqtzjsoliwn
2886 1846 3221 1961 glabrum
3274 1874 3375 1934 ex
3447 1845 3651 1935 vade
3706 1847 3972 1938 Gries-

1938 1978 2353 2100 ‚bachiana
2433 1977 2503 2063 Ι.
2571 1975 2671 2062 Β.
2739 1977 2851 2063 11.
2931 1998 3205 2082 1033.

1461 2112 1724 2203 Radix
1783 2136 2155 2224 perquam
2231 2110 2504 2217 exigua
2537 2172 2563 2213 ,
2628 2108 2867 2190 tenuis
2898 2172 2926 2215 ,
2987 2106 3250 2190 albens
3280 2171 3305 2213 ,
3402 2103 3784 2214 aliquanto
3844 2129 3983 2191 no-

1332 2237 1512 2329 dou
1551 2287 1576 2350 5
1640 2240 1797 2325 fine
1854 2239 2123 2324 obtuib
2163 2302 2187 2342 ‚
2255 2236 2456 2349 quasi
2522 2231 2941 2346 praemorsa
3006 2232 3184 2317 esset
3220 2298 3244 2341 ,
3307 2233 3571 2318 multis
3630 2233 3916 2319 fibrinis
3951 2297 3976 2341 ,

1333 2371 1484 2457 vix
1544 2368 1949 2458 vncialibus
2010 2384 2137 2453 aut
2201 2364 2658 2477 longioribus
2695 2424 2720 2468 ,
2817 2358 3274 2449 cmffiusculis
3308 2423 3333 2470 ,
3368 2360 3609 2446 aucta
3647 2429 3674 2472 ‚
3770 2360 3978 2475 gustu

1349 2496 1845 2583 amarescens.
2100 2588 2104 2592 ἢ
2289 2571 2294 2576 Α
3911 2601 3918 2604 ¹

1466 2621 1753 2711 caulis,
1780 2626 2020 2708 tenuis
2057 2689 2081 2733 ,
2143 2623 2480 2709 cubitalis
2518 2682 2543 2728 ‚
2605 2620 2701 2707 ad
2764 2638 3126 2707 exortum
3192 2620 3633 2732 plerumque
3680 2619 3982 2732 rubens,

1337 2750 1528 2841 hinc
1585 2753 1820 2839 dilute
1889 2753 2150 2835 viridis
2185 2818 2210 2859 ,
2271 2770 2471 2860 teres
2508 2814 2532 2855 ‚
2600 2749 2972 2858 superiora
3041 2747 3288 2833 νει-ἤιε
3340 2748 3985 2859 ⁴striatus,'b1·‹:ui-

1340 2877 1479 2969 bus
1497 2949 1521 2989 ,
1586 2899 1665 2966 at
1724 2876 1892 2962 satis
1954 2877 2369 2987 conspieuis
2403 2943 2428 2984 ,
2488 2876 2662 2986 pilis
2718 2871 3069 2981 hirsutus,
3134 2891 3261 2958 aut
3325 2877 3537 2961 breui
3567 2876 3776 2988 supra
3811 2900 4006 2963 me-'

1341 3008 1561 3096 dium
1584 3072 1608 3115 ,
1679 3023 1810 3090 aut
1869 3005 2250 3114 aliquanto
2316 3004 2639 3114 superius
2671 3067 2696 3110 ,
2797 3000 3135 3086 ramosus
3228 3006 3572 3090 euadere
3648 3007 3919 3116 incipit
3955 3070 3980 3113 ,

1340 3159 1627 3252 paucos
1686 3153 1946 3230 mmm
2015 3156 2265 3216 ramos
2325 3129 2663 3242 spargens
2697 3196 2720 3238 ,
2753 3127 3000 3242 fiepe
3065 3132 3298 3216 etiam
3355 3132 3692 3246 fimplex
3726 3200 3751 3242 ,
3777 3131 3981 3219 {um-

1341 3266 1614 3354 mitate
1677 3260 2122 3373 plerumque
2182 3257 2535 3344 deorsum
2600 3259 2913 3342 reflexa.

1478 3390 1702 3479 Folia
1766 3387 2114 3473 radicalia
2181 3392 2321 3472 tria
2387 3406 2798 3497 quatuorue
2830 3451 2855 3496 ‚
2922 3388 3254 3500 oblonge
3286 3390 3612 3505 elliptica
3632 3456 3659 3500 ‚
3724 3393 3982 3505 petio·

1346 3515 1432 3607 10
1461 3516 1774 3603 dentato
1809 3515 2145 3627 praedita
2170 3577 2196 3620 ‚
2265 3515 2538 3628 pallide
2577 3577 2602 3620 ‚
2666 3513 3057 3599 laetiffime
3113 3536 3375 3603 tamen
3412 3585 3437 3628 ,
3504 3522 3767 3607 viridia
3805 3587 3829 3630 ‚
3868 3540 3987 3604 te-

1349 3672 1531 3736 nera
1589 3669 1669 3730 et
1735 3642 2201 3755 splendentia
2239 3707 2263 3748 ,
2328 3644 2714 3754 Vtrimque
2782 3641 3050 3726 hirsuta
3085 3711 3110 3753 ,
3170 3649 3280 3730 ita
3345 3666 3599 3732 tamen
3638 3716 3663 3760 ,
3729 3651 3984 3759 vtpili

1345 3775 1642 3863 nonnisi
1672 3773 1978 3859 attentis
2040 3770 2280 3855 oculis
2341 3775 2747 3882 adpareant
2787 3833 2810 3874 ,
2907 3772 3120 3881 gustu
3155 3764 3713 3859 amarescentia.
3787 3775 3988 3863 Cau-

1221 3970 1228 3977 .
1342 3903 1506 3990 lina
1558 3903 1892 4014 ‘quinque
1956 3918 2082 3983 aut
2142 3895 2275 3982 sex
2314 3964 2338 4007 ‚
2403 3924 2728 4011 quorum
2797 3900 2955 3984 duo
3014 3902 3246 3987 radici
3306 3902 3669 4012 proxima
3707 3967 3732 4010 ‚
3796 3908 3992 3991 radi·
4063 3958 4068 3965 ,

1346 4032 1631 4118 talibus
1697 4028 1964 4113 similia
2002 4093 2027 4135 ,
2095 4027 2363 4139 petioli
2427 4028 2711 4111 dentati
2772 4027 3187 4113 interuentu
3224 4094 3248 4134 ‚
3313 4026 3686 4140 superiora
3733 4035 3991 4120 mino-

1349 4184 1437 4245 ra
1498 4157 1863 4268 simplicis
1921 4180 2078 4265 ope
2143 4153 2402 4266 petioli
2438 4219 2463 4262 ,
2527 4156 2884 4241 breuioris
2939 4174 3021 4239 et
3053 4160 3361 4243 tandem
3401 4158 3850 4266 breuiffimi‚
3893 4163 3988 4249 ad

1349 4286 1561 4374 basm
1626 4284 2008 4371 auriculati
2050 4347 2075 4389 ,
2140 4283 2329 4368 cauli
2395 4281 2625 4377 affixa
2664 4347 2691 4390 ‚
2792 4285 3058 4367 omnia
3142 4311 3279 4396 per
3342 4288 3719 4394 ambitum
3819 4316 3995 4374 raro

1301 4404 1307 4409 ’
1355 4433 1442 4500 et
1509 4416 1655 4499 vix
1718 4433 1811 4497 vt
1875 4412 2376 4496 animaduerti
2431 4409 2652 4520 poffit
2686 4479 2712 4519 ,
2769 4411 3072 4496 dentata
3114 4441 3139 4525 3
3219 4408 3396 4523 quin
3459 4417 3541 4500 in
3603 4416 3995 4508 altioribus

1355 4539 1894 4665 speciminibus
1952 4541 2213 4627 dentes
2273 4539 2653 4628 interdum
2707 4535 2996 4652 prorsus
3056 4540 3448 4629 deficiunt.

3511 4722 3540 4734 -
3723 4673 4003 4763 flores
