4378 5721
1378 550 1612 728 150'
1957 589 2113 710 W.
2182 615 2753 712 FLORIBVS
2813 613 3393 713 RAmAm.
3896 624 3947 671 ·

1505 849 1766 937 Radix
1827 849 2038 960 gustu
2102 878 2372 962 parum
2434 853 2621 934 acris
2658 916 2680 957 ,
2750 874 2888 960 per
2947 849 3257 934 viticula
3298 847 3728 960 longissime
3771 854 3845 936 in
3881 869 4028 935 ter-

1377 1007 1457 1064 ra
1521 981 1716 1089 repit
1755 1044 1776 1083 ,
1842 1000 1921 1061 et
1985 1010 2027 1064 a
2088 983 2351 1091 prioris
2412 978 2680 1093 speciei
2746 979 2993 1062 radice
3059 980 3195 1060 vix
3259 978 3536 1062 diuersa
3602 981 3733 1063 est.
3805 976 4022 1063 Con-

1376 1111 1692 1203 veniunt
1743 1109 1984 1191 etiam
2053 1111 2229 1216 folia
2293 1129 2371 1192 ct
2436 1100 2683 1217 {capus
2725 1168 2747 1199 ,
2816 1108 2948 1191 nisi
3011 1109 3212 1215 quod
3281 1107 3402 1190 illa
3439 1173 3461 1214 ‚
3530 1112 3833 1218 quando
3901 1128 4021 1190 te-

1379 1237 1574 1320 nella
1640 1235 1798 1318 sunt
1838 1302 1860 1343 ‚
1922 1236 2108 1321 insta
2175 1234 2601 1346 lanuginola
2641 1303 2663 1341 ‚
2733 1261 2876 1318 nec
2939 1235 3152 1345 supra
3218 1235 3442 1318 omni
3505 1238 3854 1347 lanugine
3887 1238 4060 1319 de-·

1376 1366 1625 1449 stituta
1693 1366 1833 1448 sint
1871 1430 1894 1470 ,
1963 1363 2089 1447 hic
2170 1364 2464 1450 summa
2564 1361 2813 1447 versus
2912 1363 3174 1446 leuiter
3269 1364 3731 1474 lanuginosus
3791 1364 3880 1446 fit
3940 1385 4019 1449 et

1379 1493 1687 1578 striatus.
1821 1495 2158 1601 Vaginae
2221 1491 2525 1603 scapum
2601 1492 2985 1575 vestientes
3087 1495 3757 1603 magnaehpariter
3817 1490 4022 1602 sunt,

1375 1622 1656 1731 pallide
1734 1622 2025 1706 virides.
2157 1622 2571 1707 Pedunculi
2604 1619 3153 1729 sesquiunciales
3182 1640 3256 1702 et
3292 1622 3697 1706 biunciales
3736 1688 3757 1728 ,
3797 1645 3840 1702 e
3880 1624 4014 1705 {in-

1376 1752 1562 1860 gulis
1627 1751 2077 1861 singularum
2144 1753 2595 1860 vaginarum
2664 1751 2796 1832 alis
2878 1769 3242 1833 exeuntes
3283 1816 3308 1857 ‚
3406 1752 3587 1835 nudi
3651 1749 3814 1833 sunt
3849 1816 3874 1856 ‚
3939 1754 4023 1834 in

1376 1879 1810 1963 summitate
1872 1879 1953 1960 in
2017 1899 2165 1962 tres
2200 1946 2223 1987 ,
2282 1860 2599 1990 quatuo}
2634 1944 2659 1984 ,
2761 1878 3089 1988 quinque
3157 1899 3286 1960 aut
3384 1878 3509 1961 sex
3588 1879 3842 1961 breues
3904 1906 4022 1962 ra·

1380 2008 1629 2091 mulos
1690 2009 1901 2092 diuisi
1939 2076 1962 2115 ,
2025 2008 2304 2105 summi
2371 2007 2812 2119 plerumque
2880 2006 3295 2117 fimplice5‚
3363 2031 3692 2115 quorum
3758 2007 4019 2115 finguli

1381 2134 1567 2218 flore
1629 2138 1870 2221 onusti
1932 2135 2091 2221 sunt
2154 2137 2626 2246 pallidiffime
2692 2132 3116 2218 lucescente.
3249 2130 3475 2217 Calix
3542 2161 3770 2245 quam
3808 2138 4019 2244 prio-

1376 2264 1475 2345 ris
1538 2265 1827 2350 breuior
1860 2330 1889 2371 .,
1955 2266 2269 2376 squamis
2332 2268 2405 2347 in
2471 2267 2821 2371 margine
2891 2264 3345 2347 rubentibus.
3477 2260 3765 2368 Singuli
3803 2266 4021 2349 flores

1374 2392 1766 2500 octoginta
1831 2396 2121 2475 circiter
2184 2392 2694 2475 minutissimis
2757 2391 3075 2474 flosculis
3132 2390 3507 2475 soemellis
3541 2458 3563 2499 ‚
3599 2393 4017 2501 ·ligulati5‚-

1374 2521 1789 2628 capillaceis
1823 2586 1845 2624 ,
1913 2522 2357 2603 instruuntur
2391 2586 2414 2625 ,
2470 2521 2852 2604 eiusmodi
2913 2523 3243 2603 omnino
3279 2586 3304 2626 ‚
3346 2522 3600 2630 quales
3629 2537 4019 2613 RUPHUS

1372 2649 1744 2762 petasttidi
1801 2653 2064 2734 maiori
2127 2648 2424 2758 vulgari
2483 2646 2819 2761 accenset
2853 2714 2876 2753 ‚
2949 2674 3271 2759 quorum
3358 2669 3707 2733 centrum
3801 2651 3956 2734 duo
3993 2717 4019 2757 ,

1385 2793 1528 2858 tres
1595 2794 1720 2863 aut
1781 2782 2093 2894 quatuor
2157 2776 2440 2863 flosculi
2504 2777 2929 2889 androgyni
3021 2796 3457 2894 occupant,
3556 2782 3639 2866 in
3683 2780 4021 2891 'quinque

1385 2905 1686 2989 lacinias
1741 2907 1975 2988 diuisi,

1521 3033 1655 3115 Ad
1718 3023 2062 3143 Ieniseam
2125 3031 2442 3130 fluuium
2516 3032 2613 3115 ad
2681 3026 3180 3142 Mangajbam
3270 3060 3508 3148 vsque
3596 3038 3873 3123 vrbem
3937 3041 4018 3121 in

1383 3158 1814 3269 palustribus
1871 3159 2238 3266 nascitur,
2307 3159 2782 3272 Krasnojarii
2845 3160 2969 3246 sub
3032 3165 3332 3251 initium
3403 3166 3601 3252 Maii
3624 3235 3649 3277 ‚
3683 3169 4021 3277 Manga-

1365 3281 1547 3398 seae
1612 3288 1738 3372 sub
1805 3288 2052 3372 finem
2119 3288 2315 3374 Iunii
2380 3290 2676 3374 florens.

1517 3416 1751 3501 Huius
1813 3443 2061 3504 vnum
2100 3475 2116 3502 .
2161 3418 2440 3504 florem
2500 3416 2592 3508 D
2674 3439 2756 3509 et
2817 3419 3095 3510 solium
3196 3444 3521 3508 vernum
3597 3425 3677 3509 E
3771 3424 4019 3510 tabula

1397 3544 1597 3630 fistit.

1523 3701 1562 3754 1
1583 3688 1728 3764 28.
1800 3670 2426 3766 TUSSILAGO
2489 3674 2708 3786 scapo
2770 3676 3183 3762 imbricato
3221 3747 3245 3786 ,
3309 3679 3622 3768 floribus
3686 3683 4020 3796 spicatiS‚

1776 3805 2072 3891 radiatis
2101 3873 2130 3914 ,‚
2194 3805 2387 3888 foliis
2449 3805 2635 3889 infra
2697 3805 2971 3889 incanis
3008 3873 3030 3914 ‚
3098 3813 3354 3893 acutis,
3487 3812 3567 3892 T
3566 3809 3689 3895 ab.
3741 3812 4018 3900 LXX.

1513 3927 1596 4016 Si
1662 3932 1999 4024 formam
2065 3930 2421 4017 foliorum
2486 3931 2776 4044 spectes
2810 4000 2832 4041 ‚
2889 3936 3263 4054 petqfitidi
3318 3941 3581 4024 minori
3674 3940 4026 4053 tuffilagi-

1388 4062 1503 4178 nis
1545 4060 1729 4178 solio
1796 4079 2039 4168 MOR,
2089 4063 2253 4147 Ox,
2333 4086 2416 4160 3.
2486 4090 2565 4172 p.
2636 4082 2787 4165 95.
2875 4060 3084 4152 Sect.
3145 4085 3231 4166 7.
3300 4083 3359 4148 t.
3439 4091 3581 4152 10.
3652 4066 3706 4152 f.
3772 4098 3859 4173 4.
3926 4068 4020 4152 fi-

1385 4190 1720 4274 millima
1781 4193 1914 4274 est.
2040 4199 2602 4290 STELLERUS
2653 4193 2732 4273 in
2767 4189 2987 4300 flora
3046 4192 3392 4307 Ircuterfi
3427 4223 3505 4279 n.
3547 4201 3762 4299 642.
3801 4220 4029 4307 quae-

1391 4319 1490 4400 rit
1525 4386 1549 4425 ,
1615 4346 1712 4404 an
1776 4323 1862 4405 fit
1916 4325 2255 4436 petafites
2315 4322 2548 4402 minor
2617 4318 2903 4440 qspinus
2939 4386 2962 4427 ,
3009 4320 3193 4435 solio
3269 4316 3593 4437 anguloso
3689 4325 4025 4429 craffiori

1387 4461 1602 4539 Ἰοῖ]
1615 4464 1761 4541 RN,
1821 4449 1885 4530 Ι.
1927 4456 2028 4539 R.
2066 4450 2171 4533 H.
2249 4477 2311 4550 4
2319 4469 2361 4548 5
2385 4472 2420 4525 1
2455 4444 2488 4533 ζ
2518 4447 2614 4528 de
2677 4473 2830 4559 quo
2891 4450 3231 4534 decidere
3329 4478 3488 4538 non
3549 4453 3726 4538 licet
3763 4519 3785 4560 ‚
3854 4454 4030 4565 quia

1392 4587 2219 4670 TOURNEFORTIAN
2225 4591 2368 4669 AM
2414 4574 2763 4690 plantam
2830 4603 2988 4665 non
3040 4579 3400 4668 vidimus·
3536 4582 3688 4667 Pro
3733 4580 4021 4687 tuffila-
4040 4629 4092 4656 ».

3184 4915 3233 4966 0
