4378 5721
1330 503 1338 515 ‘
1390 588 1615 705 stoi
2369 584 2484 679 ΙΙ.
2549 574 3216 678 ΟΛΡῘΤΑΤΛΕ.

1412 823 1555 914 bus
1579 892 1587 903 .
1609 834 1689 903 et
1751 811 2240 933 Ononenfibus
2320 815 2615 904 abunde
2717 814 3275 905 obsemauimus
3306 879 3333 924 ,
3431 807 3774 929 Seletgia
3837 813 4078 905 etiam

1420 950 1519 1036 ad
1584 972 1726 1033 nos
1788 947 2097 1033 missum
2162 949 2598 1061 accepimus
2632 1011 2659 1056 ,
2721 935 2947 1031 'adeo
3010 964 3103 1031 vt
3157 944 3894 1062 transbaicalenstbus
3949 972 4082 1067 re-

1412 1076 1770 1195 gionibus
1833 1076 2222 1186 indigenas
2283 1075 2426 1161 effe
2485 1076 2860 1164 videatur.

1454 1206 1461 1213 ’
1561 1220 1608 1299 8
1625 1228 1707 1308 3.
1770 1199 2330 1292 ECHINOPS
2386 1206 2600 1293 caule
2655 1201 3120 1290 subunifloro
3153 1270 3180 1315 ,
3243 1204 3450 1292 foliis
3478 1203 3869 1314 duplicato
3903 1204 4078 1318 pin·

1798 1333 2196 1445 natifidi5‚
2257 1333 2539 1423 foliolis
2596 1334 3058 1446 linearibuS,
3121 1339 3470 1421 remotis.
3508 1336 3712 1423 Tab.
3765 1330 4076 1421 XLVI.

1940 1462 2317 1580 Echinops
2366 1463 2579 1553 caule
2614 1457 3069 1581 subumfloro
3129 1479 3383 1557 LINN.
3436 1467 3528 1553 V
3506 1481 3634 1579 ps
3717 1477 3938 1570 248.
3994 1487 4084 1550 2.

2003 1589 2038 1680 ἓ
2073 1593 2494 1710 Echinopus
2558 1595 2898 1684 Graecus
2957 1594 3350 1701 tenuiffime
3411 1585 3671 1704 diu'fits
3732 1607 3807 1679 et
3864 1591 4084 1679 lanu-

2120 1719 2527 1837 ginosus,
2619 1726 2872 1841 capite
2945 1725 3248 1811 minori
3313 1722 3642 1812 caeruleo
3699 1736 4073 1821 TOURN.

2189 1853 2258 1939 1.
2298 1854 2403 1944 R.
2439 1855 2549 1941 H.
2590 1851 2774 1939 Cor.
2819 1872 2972 1958 34.

1552 1990 1825 2080 Etiam
1894 1981 2068 2071 huic
2133 1986 2351 2071 radix
2413 1986 2521 2070 est
2578 1985 2960 2115 perennis·
3091 1984 3313 2072 Folia
3374 1983 3693 2069 tenuiter
3767 2000 3851 2068 et
3908 2007 4082 2070 raro

1410 2112 1656 2207 *diuiia
1716 2121 1881 2203 sunt
1918 2182 1942 2223 ,
2002 2110 2282 2200 foliolis
2343 2141 2503 2201 non
2565 2118 2827 2228 aeque,
2862 2111 3113 2224 longis
3142 2181 3167 2225 ‚
3238 2133 3472 2225 quam
3534 2115 3613 2198 in
3647 2112 3884 2227 priori
3921 2114 4082 2227 spe-

1427 2249 1596 2357 cie,
1658 2246 2003 2331 firmiora
2065 2244 2302 2328 etiam
2370 2264 2454 2327 et
2515 2242 2858 2331 craffiora
2917 2243 3065 2326 effe
3142 2243 3550 2350 videntur,
3618 2260 3699 2326 et
3762 2244 4081 2330 candida

1406 2375 1703 2495 lanugo
1762 2371 2009 2461 caules
2070 2370 2661 2486 inferioremque
2731 2370 3096 2459 soliorum
3191 2310 3667 2482 superfici’em
3766 2372 4081 2457 vestiens

1410 2504 1808 2615 copiosior
1871 2500 2003 2586 est.
2135 2495 2496 2611 Superior
2556 2518 2818 2585 autem
2881 2498 3239 2586 foliorum
3273 2497 3703 2612 superficies
3733 2526 3894 2586 non
3945 2500 4076 2615 nifi

1390 2632 1508 2717 jn
1574 2632 1773 2717 foliis
1834 2628 2184 2737 tenelli5,
2233 2627 2604 2776 lanugine
2668 2627 3000 2715 obducta
3059 2629 3207 2713 effe
3272 2625 3485 2714 solet.
3733 2702 3736 2705 ,

1558 2756 1790 2848 Calix
1846 2756 2291 2843 communis
2346 2756 2625 2866 nullus,
2683 2757 2801 2841 vti
2836 2758 2921 2840 in
2981 2757 3220 2869 priori
3280 2755 3591 2876 specie,
3653 2758 3921 2873 {iuguli
3954 2784 4081 2849 au-

1400 2908 1598 2978 vtem
1664 2888 1948 2978 flosculi
1985 2950 2011 2991 ,
2077 2885 2197 3000 vti
2262 2885 2348 2968 in
2410 2885 2533 2972 illa
2570 2952 2596 2992 ,
2660 2885 3111 2997 corpusculo
3166 2887 3376 2972 breui
3436 2891 3852 2976 innituntur
3886 2959 3912 3001 ,
3950 2916 4080 2977 oo-

1431 3019 1782 3102 lumnam
1851 3030 2276 3098 truncatam
2355 3009 2723 3097 ‘referenti
2782 3032 2864 3096 et
2922 3011 3092 3097 setis
3145 3015 3515 3125 glumofis
3611 3041 3887 3104 omato
3920 3088 3945 3131 ,
4005 3023 4082 3105 in

1344 3219 1349 3226 ,
1433 3147 1643 3244 cuius
1698 3163 1968 3228 centro
2026 3140 2225 3224 calix
2291 3137 2551 3248 haeret
2615 3138 3034 3252 squamosus
3067 3197 3095 3249 ,-
3158 3145 3359 3229 cuius
3422 3144 3803 3233 inferiores
3871 3148 4078 3262 squa-

1427 3298 1608 3361 mae
1662 3275 1858 3358 inter
1902 3270 2116 3383 pilos
2174 3287 2258 3354 ct
2320 3270 2618 3381 glumas
2679 3269 3077 3381 ambigunt
3110 3336 3136 3380 ,
3193 3289 3664 3361 extremum
3682 3275 3927 3363 versus
3972 3277 4079 3366 la·

1428 3404 1663 3489 tiores
1720 3401 1883 3487 sunt
1945 3419 2169 3510 atque
2231 3400 2513 3484 virides
2546 3465 2572 3507 ,
2635 3398 2990 3511 superiori
3089 3418 3452 3518 extremo
3545 3405 3942 3515 paullatim
4000 3409 4081 3492 in

1428 3556 1792 3617 azureum
1859 3533 2206 3615 colorem
2275 3547 2673 3641 vergentes
2706 3592 2730 3633 ‚
2796 3530 3173 3638 pinnatae.
3243 3545 3278 3624 ·,,
3306 3526 3537 3617 Duae
3601 3550 3729 3618 aut
3778 3553 3931 3620 tres
3977 3535 4081 3621 la·

1429 3662 1666 3744 ciniae
1726 3658 1940 3744 floris
1995 3659 2088 3742 ad
2148 3682 2483 3767 vnguem
2563 3683 2801 3767 vsque
2859 3655 3085 3742 limbi
3122 3722 3148 3765 ‚
3230 3643 3552 3771 reliquae
3649 3661 4082 3774 profundius

1330 3849 1331 3852 ι
1428 3786 1824 3897 secantur,
1882 3789 2208 3897 adeoque
2271 3785 2589 3872 stamina
2652 3785 2809 3872 sine
2875 3785 3322 3871 laceratione
3384 3792 3666 3878 ventris
3724 3791 3956 3878 limbi
4002 3792 4078 3878 in

1427 3918 1839 4029 conspeetu
1873 3915 2062 4002 sunt.

1563 4042 1818 4134 Caulis
1875 4045 2166 4154 fingulis
2222 4046 2433 4129 annis
2492 4045 2757 4158 perit3
2815 4036 2985 4130 Sub
3042 4047 3385 4132 autumni
3450 4064 3756 4195 tempus
3819 4066 4080 4137 autern

1430 4171 1651 4260 radix
1717 4197 1919 4257 noua
1977 4171 2157 4256 folia
2220 4174 2661 4284 protrudit,
2747 4199 2936 4285 quae
2998 4198 3133 4285 per
3224 4173 3577 4262 hiemem
3641 4179 3723 4272 in
3783 4200 4085 4266 autum·

1432 4330 1620 4389 num
1686 4326 1920 4414 vsque
1980 4299 2344 4413 sequentis
2403 4302 2576 4385 anni
2640 4304 3043 4412 perdurant
3074 4365 3098 4405 ,
3139 4305 3467 4387 docente
3501 4305 3787 4392 cultura
3821 4374 3846 4417 ,
3901 4332 4086 4394 cum

1431 4434 1517 4518 in
1582 4433 1819 4542 priori
1887 4428 2131 4542 specie
2193 4428 2375 4516 folia
2439 4434 2802 4517 annotina
2839 4430 3061 4516 simul
3124 4457 3303 4517 cum
3339 4431 3551 4518 caule
3584 4436 3709 4520 sub
3781 4456 4088 4522 autum·

1412 4584 1624 4644 num
1689 4563 2150 4681 emoriantur
2191 4621 2216 4667 ,
2284 4582 2430 4643 nec
2493 4586 2694 4648 noua
2755 4560 2964 4677 prius
3027 4585 3258 4676 quam
3321 4560 3448 4648 firb
3513 4566 3712 4649 veris
3777 4582 4090 4676 tempus

3761 4713 4091 4806 protru-
