<?xml version="1.0" encoding="UTF-8"?>
<!DOCTYPE html PUBLIC "-//W3C//DTD XHTML 1.0 Transitional//EN"
    "http://www.w3.org/TR/xhtml1/DTD/xhtml1-transitional.dtd">
<html xmlns="http://www.w3.org/1999/xhtml" xml:lang="en" lang="en">
 <head>
  <title>
</title>
<meta http-equiv="Content-Type" content="text/html;charset=utf-8" />
  <meta name='ocr-system' content='tesseract 3.04.00' />
  <meta name='ocr-capabilities' content='ocr_page ocr_carea ocr_par ocr_line ocrx_word'/>
</head>
<body>
  <div class='ocr_page' id='page_1' title='image "./florasibiricasi00gmelgoog_0187.png"; bbox 0 0 4378 5721; ppageno 0'>
   <div class='ocr_carea' id='block_1_1' title="bbox 856 607 2951 771">
    <p class='ocr_par' dir='ltr' id='par_1_1' title="bbox 856 607 2951 771">
     <span class='ocr_line' id='line_1_1' title="bbox 856 607 2951 771; baseline 0.012 -68"><span class='ocrx_word' id='word_1_1' title='bbox 856 619 1023 712; x_wconf 71' lang='grc' dir='ltr'>ςιν.</span> <span class='ocrx_word' id='word_1_2' title='bbox 1085 607 1670 708; x_wconf 78' lang='lat' dir='ltr'><strong><em>FLORIBVS</em></strong></span> <span class='ocrx_word' id='word_1_3' title='bbox 1733 615 2119 709; x_wconf 78' lang='lat' dir='ltr'><em>RADIA</em></span> <span class='ocrx_word' id='word_1_4' title='bbox 2129 610 2343 708; x_wconf 73' lang='lat' dir='ltr'>Tm.</span> <span class='ocrx_word' id='word_1_5' title='bbox 2479 752 2500 771; x_wconf 93' lang='lat'><strong>.</strong></span> <span class='ocrx_word' id='word_1_6' title='bbox 2775 647 2814 704; x_wconf 86' lang='lat'>1</span> <span class='ocrx_word' id='word_1_7' title='bbox 2834 641 2876 726; x_wconf 78' lang='grc' dir='ltr'><em>ς</em></span> <span class='ocrx_word' id='word_1_8' title='bbox 2896 614 2951 726; x_wconf 76' lang='lat'>7&#39;</span> 
     </span>
    </p>
   </div>
   <div class='ocr_carea' id='block_1_2' title="bbox 262 844 2954 3154">
    <p class='ocr_par' dir='ltr' id='par_1_2' title="bbox 289 844 2954 2131">
     <span class='ocr_line' id='line_1_2' title="bbox 314 844 2954 963; baseline -0 -24"><span class='ocrx_word' id='word_1_9' title='bbox 314 850 448 939; x_wconf 88' lang='lat' dir='ltr'>lem</span> <span class='ocrx_word' id='word_1_10' title='bbox 477 922 499 963; x_wconf 92' lang='lat'>,</span> <span class='ocrx_word' id='word_1_11' title='bbox 558 871 653 938; x_wconf 77' lang='lat' dir='ltr'>vt</span> <span class='ocrx_word' id='word_1_12' title='bbox 710 870 792 937; x_wconf 86' lang='lat' dir='ltr'>et</span> <span class='ocrx_word' id='word_1_13' title='bbox 853 851 947 939; x_wconf 85' lang='lat' dir='ltr'>ad</span> <span class='ocrx_word' id='word_1_14' title='bbox 1016 855 1305 939; x_wconf 84' lang='lat' dir='ltr'>Lenam</span> <span class='ocrx_word' id='word_1_15' title='bbox 1361 844 1704 938; x_wconf 54' lang='lat' dir='ltr'>fluuium*</span> <span class='ocrx_word' id='word_1_16' title='bbox 1745 853 1839 938; x_wconf 89' lang='lat' dir='ltr'>ad</span> <span class='ocrx_word' id='word_1_17' title='bbox 1905 851 2283 939; x_wconf 83' lang='lat' dir='ltr'>Aldanum</span> <span class='ocrx_word' id='word_1_18' title='bbox 2365 875 2596 962; x_wconf 69' lang='lat' dir='ltr'>Vsque</span> <span class='ocrx_word' id='word_1_19' title='bbox 2700 853 2954 939; x_wconf 80' lang='lat' dir='ltr'>obser·</span> 
     </span>
     <span class='ocr_line' id='line_1_3' title="bbox 306 981 2954 1095; baseline 0 -27"><span class='ocrx_word' id='word_1_20' title='bbox 306 1006 475 1068; x_wconf 82' lang='lat' dir='ltr'>-uata</span> <span class='ocrx_word' id='word_1_21' title='bbox 539 986 646 1068; x_wconf 87' lang='lat' dir='ltr'>est</span> <span class='ocrx_word' id='word_1_22' title='bbox 683 1049 707 1092; x_wconf 90' lang='lat'>,</span> <span class='ocrx_word' id='word_1_23' title='bbox 775 1002 856 1079; x_wconf 84' lang='lat' dir='ltr'>et</span> <span class='ocrx_word' id='word_1_24' title='bbox 915 986 1143 1068; x_wconf 88' lang='lat' dir='ltr'>flores</span> <span class='ocrx_word' id='word_1_25' title='bbox 1199 985 1429 1068; x_wconf 89' lang='lat' dir='ltr'>habet</span> <span class='ocrx_word' id='word_1_26' title='bbox 1465 1048 1490 1089; x_wconf 93' lang='lat'>,</span> <span class='ocrx_word' id='word_1_27' title='bbox 1558 981 1743 1064; x_wconf 85' lang='lat' dir='ltr'>infra</span> <span class='ocrx_word' id='word_1_28' title='bbox 1808 1009 1910 1067; x_wconf 85' lang='lat' dir='ltr'>ex</span> <span class='ocrx_word' id='word_1_29' title='bbox 1964 1004 2146 1067; x_wconf 85' lang='lat' dir='ltr'>atro</span> <span class='ocrx_word' id='word_1_30' title='bbox 2227 982 2570 1066; x_wconf 83' lang='lat' dir='ltr'>rubentes</span> <span class='ocrx_word' id='word_1_31' title='bbox 2606 1047 2633 1089; x_wconf 90' lang='lat'>,</span> <span class='ocrx_word' id='word_1_32' title='bbox 2736 984 2954 1095; x_wconf 87' lang='lat' dir='ltr'>supra</span> 
     </span>
     <span class='ocr_line' id='line_1_4' title="bbox 302 1110 2954 1223; baseline -0 -26"><span class='ocrx_word' id='word_1_33' title='bbox 302 1137 603 1197; x_wconf 73' lang='lat' dir='ltr'>&lt;croceos</span> <span class='ocrx_word' id='word_1_34' title='bbox 733 1131 862 1198; x_wconf 89' lang='lat' dir='ltr'>aut</span> <span class='ocrx_word' id='word_1_35' title='bbox 925 1112 1343 1223; x_wconf 84' lang='lat' dir='ltr'>sulphureos</span> <span class='ocrx_word' id='word_1_36' title='bbox 1376 1178 1403 1220; x_wconf 93' lang='lat'>,</span> <span class='ocrx_word' id='word_1_37' title='bbox 1463 1130 1594 1194; x_wconf 85' lang='lat' dir='ltr'>aut</span> <span class='ocrx_word' id='word_1_38' title='bbox 1664 1132 1988 1222; x_wconf 69' lang='lat' dir='ltr'>Vtroque</span> <span class='ocrx_word' id='word_1_39' title='bbox 2050 1110 2317 1196; x_wconf 87' lang='lat' dir='ltr'>colore</span> <span class='ocrx_word' id='word_1_40' title='bbox 2374 1112 2662 1194; x_wconf 77' lang='lat' dir='ltr'>varios.</span> <span class='ocrx_word' id='word_1_41' title='bbox 2790 1111 2954 1196; x_wconf 85' lang='lat' dir='ltr'>Ce-</span> 
     </span>
     <span class='ocr_line' id='line_1_5' title="bbox 309 1239 2949 1329; baseline 0.002 -6"><span class='ocrx_word' id='word_1_42' title='bbox 309 1259 539 1327; x_wconf 88' lang='lat' dir='ltr'>terum</span> <span class='ocrx_word' id='word_1_43' title='bbox 602 1262 689 1327; x_wconf 91' lang='lat' dir='ltr'>et</span> <span class='ocrx_word' id='word_1_44' title='bbox 753 1242 959 1327; x_wconf 89' lang='lat' dir='ltr'>haec.</span> <span class='ocrx_word' id='word_1_45' title='bbox 1004 1242 1334 1326; x_wconf 81' lang='lat' dir='ltr'>caulibus</span> <span class='ocrx_word' id='word_1_46' title='bbox 1396 1241 1740 1325; x_wconf 83' lang='lat' dir='ltr'>vnifloris</span> <span class='ocrx_word' id='word_1_47' title='bbox 1794 1262 1872 1324; x_wconf 89' lang='lat' dir='ltr'>et</span> <span class='ocrx_word' id='word_1_48' title='bbox 1932 1240 2119 1324; x_wconf 76' lang='lat' dir='ltr'>foliis</span> <span class='ocrx_word' id='word_1_49' title='bbox 2182 1240 2331 1323; x_wconf 81' lang='lat' dir='ltr'>lata</span> <span class='ocrx_word' id='word_1_50' title='bbox 2418 1239 2572 1327; x_wconf 75' lang='lat' dir='ltr'>basi</span> <span class='ocrx_word' id='word_1_51' title='bbox 2647 1243 2949 1329; x_wconf 80' lang='lat' dir='ltr'>caulem</span> 
     </span>
     <span class='ocr_line' id='line_1_6' title="bbox 304 1369 2952 1482; baseline 0.001 -27"><span class='ocrx_word' id='word_1_52' title='bbox 304 1374 906 1482; x_wconf 81' lang='lat' dir='ltr'>amplexantibus</span> <span class='ocrx_word' id='word_1_53' title='bbox 969 1374 1239 1456; x_wconf 80' lang='lat' dir='ltr'>variat.</span> <span class='ocrx_word' id='word_1_54' title='bbox 1369 1369 1707 1453; x_wconf 80' lang='lat' dir='ltr'>Varietas</span> <span class='ocrx_word' id='word_1_55' title='bbox 1769 1369 1876 1452; x_wconf 92' lang='lat' dir='ltr'>V.</span> <span class='ocrx_word' id='word_1_56' title='bbox 1951 1371 2147 1454; x_wconf 78' lang='lat' dir='ltr'>citca</span> <span class='ocrx_word' id='word_1_57' title='bbox 2211 1369 2594 1480; x_wconf 89' lang='lat' dir='ltr'>oppidum</span> <span class='ocrx_word' id='word_1_58' title='bbox 2697 1370 2952 1458; x_wconf 86' lang='lat' dir='ltr'>Biela·</span> 
     </span>
     <span class='ocr_line' id='line_1_7' title="bbox 302 1491 2950 1614; baseline 0 -29"><span class='ocrx_word' id='word_1_59' title='bbox 302 1491 707 1614; x_wconf 73' lang='lat' dir='ltr'>covscajam</span> <span class='ocrx_word' id='word_1_60' title='bbox 771 1497 1099 1585; x_wconf 72' lang='lat' dir='ltr'>lietensis</span> <span class='ocrx_word' id='word_1_61' title='bbox 1167 1500 1639 1612; x_wconf 58' lang='lat' dir='ltr'>pr‘ouinciae,</span> <span class='ocrx_word' id='word_1_62' title='bbox 1675 1501 2028 1611; x_wconf 86' lang='lat' dir='ltr'>prouenit</span> <span class='ocrx_word' id='word_1_63' title='bbox 2061 1564 2105 1607; x_wconf 46' lang='grc' dir='ltr'><strong>λ</strong></span> <span class='ocrx_word' id='word_1_64' title='bbox 2152 1520 2295 1580; x_wconf 84' lang='lat' dir='ltr'>nec</span> <span class='ocrx_word' id='word_1_65' title='bbox 2361 1498 2502 1583; x_wconf 88' lang='lat' dir='ltr'>alia</span> <span class='ocrx_word' id='word_1_66' title='bbox 2536 1523 2617 1582; x_wconf 86' lang='lat' dir='ltr'>re</span> <span class='ocrx_word' id='word_1_67' title='bbox 2652 1500 2950 1610; x_wconf 83' lang='lat' dir='ltr'>differt,</span> 
     </span>
     <span class='ocr_line' id='line_1_8' title="bbox 302 1627 2949 1744; baseline 0 -32"><span class='ocrx_word' id='word_1_68' title='bbox 302 1628 427 1716; x_wconf 84' lang='lat' dir='ltr'>nifi</span> <span class='ocrx_word' id='word_1_69' title='bbox 489 1657 721 1744; x_wconf 85' lang='lat' dir='ltr'>quam</span> <span class='ocrx_word' id='word_1_70' title='bbox 789 1630 1039 1715; x_wconf 88' lang='lat' dir='ltr'>titulus</span> <span class='ocrx_word' id='word_1_71' title='bbox 1104 1631 1408 1716; x_wconf 84' lang='lat' dir='ltr'>indicat.</span> <span class='ocrx_word' id='word_1_72' title='bbox 1536 1627 1634 1712; x_wconf 91' lang='lat' dir='ltr'>In</span> <span class='ocrx_word' id='word_1_73' title='bbox 1700 1628 1932 1712; x_wconf 87' lang='lat' dir='ltr'>horto</span> <span class='ocrx_word' id='word_1_74' title='bbox 1988 1628 2470 1733; x_wconf 80' lang='lat' dir='ltr'>Academico</span> <span class='ocrx_word' id='word_1_75' title='bbox 2535 1645 2698 1712; x_wconf 88' lang='lat' dir='ltr'>tam</span> <span class='ocrx_word' id='word_1_76' title='bbox 2737 1629 2949 1739; x_wconf 85' lang='lat' dir='ltr'>plan-</span> 
     </span>
     <span class='ocr_line' id='line_1_9' title="bbox 291 1753 2946 1871; baseline 0 -31"><span class='ocrx_word' id='word_1_77' title='bbox 291 1758 369 1840; x_wconf 82' lang='lat' dir='ltr'>&#39;ta</span> <span class='ocrx_word' id='word_1_78' title='bbox 430 1760 736 1846; x_wconf 88' lang='lat' dir='ltr'>floribus</span> <span class='ocrx_word' id='word_1_79' title='bbox 797 1760 1011 1846; x_wconf 87' lang='lat' dir='ltr'>luteis</span> <span class='ocrx_word' id='word_1_80' title='bbox 1069 1782 1304 1871; x_wconf 83' lang='lat' dir='ltr'>quam</span> <span class='ocrx_word' id='word_1_81' title='bbox 1370 1757 1623 1843; x_wconf 77' lang='lat' dir='ltr'>lature</span> <span class='ocrx_word' id='word_1_82' title='bbox 1652 1761 1957 1841; x_wconf 82' lang='lat' dir='ltr'>&#39;croceis</span> <span class='ocrx_word' id='word_1_83' title='bbox 2023 1776 2124 1840; x_wconf 84' lang='lat' dir='ltr'>ex</span> <span class='ocrx_word' id='word_1_84' title='bbox 2192 1753 2592 1855; x_wconf 73' lang='lat' dir='ltr'>feminibus</span> <span class='ocrx_word' id='word_1_85' title='bbox 2672 1755 2946 1842; x_wconf 83' lang='lat' dir='ltr'>Sibiri-</span> 
     </span>
     <span class='ocr_line' id='line_1_10' title="bbox 293 1886 2945 2003; baseline 0.001 -33"><span class='ocrx_word' id='word_1_86' title='bbox 293 1886 396 1972; x_wconf 87' lang='lat' dir='ltr'>cis</span> <span class='ocrx_word' id='word_1_87' title='bbox 453 1890 586 1975; x_wconf 92' lang='lat' dir='ltr'>diu</span> <span class='ocrx_word' id='word_1_88' title='bbox 650 1911 871 2003; x_wconf 82' lang='lat' dir='ltr'>enata</span> <span class='ocrx_word' id='word_1_89' title='bbox 941 1889 1106 1998; x_wconf 88' lang='lat' dir='ltr'>est,</span> <span class='ocrx_word' id='word_1_90' title='bbox 1171 1914 1363 2001; x_wconf 85' lang='lat' dir='ltr'>quae</span> <span class='ocrx_word' id='word_1_91' title='bbox 1426 1914 1471 1970; x_wconf 92' lang='grc'><strong>3</strong></span> <span class='ocrx_word' id='word_1_92' title='bbox 1537 1888 1832 1974; x_wconf 79' lang='lat' dir='ltr'>siluestri</span> <span class='ocrx_word' id='word_1_93' title='bbox 1897 1886 2194 1975; x_wconf 80' lang='lat' dir='ltr'>fi1ciem</span> <span class='ocrx_word' id='word_1_94' title='bbox 2243 1908 2394 1974; x_wconf 91' lang='lat' dir='ltr'>non</span> <span class='ocrx_word' id='word_1_95' title='bbox 2429 1888 2731 1971; x_wconf 85' lang='lat' dir='ltr'>obtinet</span> <span class='ocrx_word' id='word_1_96' title='bbox 2761 1888 2945 1971; x_wconf 83' lang='lat' dir='ltr'>alie-</span> 
     </span>
     <span class='ocr_line' id='line_1_11' title="bbox 262 2016 2392 2131; baseline -0.001 -29.96"><span class='ocrx_word' id='word_1_97' title='bbox 262 2038 531 2127; x_wconf 82' lang='lat' dir='ltr'>mm,</span> <span class='ocrx_word' id='word_1_98' title='bbox 601 2020 763 2105; x_wconf 81' lang='lat' dir='ltr'>nili</span> <span class='ocrx_word' id='word_1_99' title='bbox 799 2021 1004 2131; x_wconf 92' lang='lat' dir='ltr'>quod</span> <span class='ocrx_word' id='word_1_100' title='bbox 1068 2018 1296 2105; x_wconf 84' lang='lat' dir='ltr'>flores</span> <span class='ocrx_word' id='word_1_101' title='bbox 1355 2018 1740 2102; x_wconf 84' lang='lat' dir='ltr'>diametro</span> <span class='ocrx_word' id='word_1_102' title='bbox 1803 2016 2145 2101; x_wconf 77' lang='lat' dir='ltr'>maiores</span> <span class='ocrx_word' id='word_1_103' title='bbox 2193 2016 2392 2104; x_wconf 77' lang='lat' dir='ltr'>sint.</span> 
     </span>
    </p>

    <p class='ocr_par' dir='ltr' id='par_1_3' title="bbox 264 2124 2939 3154">
     <span class='ocr_line' id='line_1_12' title="bbox 416 2124 2937 2256; baseline -0 -23"><span class='ocrx_word' id='word_1_104' title='bbox 416 2148 740 2256; x_wconf 81' lang='lat' dir='ltr'>Facies,</span> <span class='ocrx_word' id='word_1_105' title='bbox 814 2165 1258 2234; x_wconf 90' lang='lat' dir='ltr'>tomentum</span> <span class='ocrx_word' id='word_1_106' title='bbox 1327 2166 1406 2232; x_wconf 91' lang='lat' dir='ltr'>et</span> <span class='ocrx_word' id='word_1_107' title='bbox 1466 2147 1710 2232; x_wconf 83' lang='lat' dir='ltr'>multa</span> <span class='ocrx_word' id='word_1_108' title='bbox 1806 2124 2262 2230; x_wconf 69' lang='lat' dir='ltr'>affinitatem</span> <span class='ocrx_word' id='word_1_109' title='bbox 2361 2146 2694 2233; x_wconf 86' lang='lat' dir='ltr'>indicant</span> <span class='ocrx_word' id='word_1_110' title='bbox 2755 2171 2937 2232; x_wconf 90' lang='lat' dir='ltr'>cum</span> 
     </span>
     <span class='ocr_line' id='line_1_13' title="bbox 282 2268 2939 2392; baseline 0.001 -35"><span class='ocrx_word' id='word_1_111' title='bbox 282 2268 652 2363; x_wconf 83' lang='lat' dir='ltr'>Iacobaea</span> <span class='ocrx_word' id='word_1_112' title='bbox 705 2271 1024 2392; x_wconf 80' lang='lat' dir='ltr'>palustri</span> <span class='ocrx_word' id='word_1_113' title='bbox 1056 2344 1081 2387; x_wconf 90' lang='lat'>,</span> <span class='ocrx_word' id='word_1_114' title='bbox 1149 2272 1270 2363; x_wconf 75' lang='lat' dir='ltr'>led</span> <span class='ocrx_word' id='word_1_115' title='bbox 1335 2271 1515 2361; x_wconf 83' lang='lat' dir='ltr'>folia</span> <span class='ocrx_word' id='word_1_116' title='bbox 1574 2275 2047 2384; x_wconf 78' lang='lat' dir='ltr'>lanceolata,</span> <span class='ocrx_word' id='word_1_117' title='bbox 2116 2299 2269 2358; x_wconf 89' lang='lat' dir='ltr'>non</span> <span class='ocrx_word' id='word_1_118' title='bbox 2319 2273 2643 2386; x_wconf 72' lang='lat' dir='ltr'>serrata,</span> <span class='ocrx_word' id='word_1_119' title='bbox 2710 2277 2939 2389; x_wconf 86' lang='lat' dir='ltr'>longe</span> 
     </span>
     <span class='ocr_line' id='line_1_14' title="bbox 275 2403 2938 2517; baseline 0.002 -34"><span class='ocrx_word' id='word_1_120' title='bbox 275 2404 597 2485; x_wconf 84' lang='lat' dir='ltr'>minora</span> <span class='ocrx_word' id='word_1_121' title='bbox 635 2470 658 2511; x_wconf 91' lang='lat'>,</span> <span class='ocrx_word' id='word_1_122' title='bbox 726 2405 1006 2492; x_wconf 83' lang='lat' dir='ltr'>rariora</span> <span class='ocrx_word' id='word_1_123' title='bbox 1068 2425 1145 2490; x_wconf 87' lang='lat' dir='ltr'>et</span> <span class='ocrx_word' id='word_1_124' title='bbox 1209 2406 1556 2490; x_wconf 82' lang='lat' dir='ltr'>firmiora</span> <span class='ocrx_word' id='word_1_125' title='bbox 1584 2472 1617 2517; x_wconf 86' lang='lat'>,</span> <span class='ocrx_word' id='word_1_126' title='bbox 1683 2406 2022 2490; x_wconf 81' lang='lat' dir='ltr'>radicalia</span> <span class='ocrx_word' id='word_1_127' title='bbox 2088 2403 2720 2513; x_wconf 58' lang='lat' dir='ltr'>obuerse‘ouatae,</span> <span class='ocrx_word' id='word_1_128' title='bbox 2759 2431 2938 2490; x_wconf 88' lang='lat' dir='ltr'>cau-</span> 
     </span>
     <span class='ocr_line' id='line_1_15' title="bbox 266 2529 2938 2641; baseline 0.002 -31"><span class='ocrx_word' id='word_1_129' title='bbox 266 2529 365 2611; x_wconf 87' lang='lat' dir='ltr'>lis</span> <span class='ocrx_word' id='word_1_130' title='bbox 434 2530 1023 2640; x_wconf 75' lang='lat' dir='ltr'>(implicisfimus</span> <span class='ocrx_word' id='word_1_131' title='bbox 1060 2592 1087 2636; x_wconf 87' lang='lat'>,</span> <span class='ocrx_word' id='word_1_132' title='bbox 1156 2532 1598 2615; x_wconf 83' lang='lat' dir='ltr'>terminatus</span> <span class='ocrx_word' id='word_1_133' title='bbox 1659 2534 1997 2615; x_wconf 82' lang='lat' dir='ltr'>v&#39;mbella</span> <span class='ocrx_word' id='word_1_134' title='bbox 2048 2532 2447 2641; x_wconf 74' lang='lat' dir='ltr'>simplici,</span> <span class='ocrx_word' id='word_1_135' title='bbox 2509 2538 2633 2615; x_wconf 85' lang='lat' dir='ltr'>cui</span> <span class='ocrx_word' id='word_1_136' title='bbox 2715 2534 2938 2615; x_wconf 88' lang='lat' dir='ltr'>inuo-</span> 
     </span>
     <span class='ocr_line' id='line_1_16' title="bbox 264 2655 2934 2767; baseline 0.001 -26"><span class='ocrx_word' id='word_1_137' title='bbox 264 2655 569 2741; x_wconf 87' lang='lat' dir='ltr'>lucrum</span> <span class='ocrx_word' id='word_1_138' title='bbox 642 2680 747 2741; x_wconf 85' lang='lat' dir='ltr'>ex</span> <span class='ocrx_word' id='word_1_139' title='bbox 784 2659 1113 2742; x_wconf 88' lang='lat' dir='ltr'>totidem</span> <span class='ocrx_word' id='word_1_140' title='bbox 1178 2655 1482 2740; x_wconf 84' lang='lat' dir='ltr'>setaceis</span> <span class='ocrx_word' id='word_1_141' title='bbox 1539 2656 1735 2739; x_wconf 85' lang='lat' dir='ltr'>soliis</span> <span class='ocrx_word' id='word_1_142' title='bbox 1768 2721 1793 2763; x_wconf 92' lang='lat'>,</span> <span class='ocrx_word' id='word_1_143' title='bbox 1856 2657 2296 2767; x_wconf 86' lang='lat' dir='ltr'>pedunculis</span> <span class='ocrx_word' id='word_1_144' title='bbox 2355 2659 2691 2744; x_wconf 85' lang='lat' dir='ltr'>dimidio</span> <span class='ocrx_word' id='word_1_145' title='bbox 2761 2657 2934 2744; x_wconf 90' lang='lat' dir='ltr'>bre-</span> 
     </span>
     <span class='ocr_line' id='line_1_17' title="bbox 273 2781 2935 2895; baseline 0.002 -26"><span class='ocrx_word' id='word_1_146' title='bbox 273 2786 623 2894; x_wconf 77' lang='lat' dir='ltr'>vioribus</span> <span class='ocrx_word' id='word_1_147' title='bbox 659 2852 684 2895; x_wconf 94' lang='lat'>,</span> <span class='ocrx_word' id='word_1_148' title='bbox 783 2783 1023 2871; x_wconf 87' lang='lat' dir='ltr'>subest</span> <span class='ocrx_word' id='word_1_149' title='bbox 1057 2850 1082 2894; x_wconf 90' lang='lat'>,</span> <span class='ocrx_word' id='word_1_150' title='bbox 1165 2783 1495 2894; x_wconf 78' lang='lat' dir='ltr'>separare</span> <span class='ocrx_word' id='word_1_151' title='bbox 1559 2781 2189 2878; x_wconf 72' lang='lat' dir='ltr'>suadent:L1NN.·</span> <span class='ocrx_word' id='word_1_152' title='bbox 2232 2786 2529 2872; x_wconf 92' lang='lat' dir='ltr'>Annon</span> <span class='ocrx_word' id='word_1_153' title='bbox 2598 2812 2786 2874; x_wconf 85' lang='lat' dir='ltr'>vero</span> <span class='ocrx_word' id='word_1_154' title='bbox 2844 2790 2935 2875; x_wconf 86' lang='lat' dir='ltr'>fit</span> 
     </span>
     <span class='ocr_line' id='line_1_18' title="bbox 277 2904 2934 3031; baseline 0.001 -30"><span class='ocrx_word' id='word_1_155' title='bbox 277 2916 501 3031; x_wconf 85' lang='lat' dir='ltr'>Aster</span> <span class='ocrx_word' id='word_1_156' title='bbox 564 2905 904 3027; x_wconf 79' lang='lat' dir='ltr'>verbasci</span> <span class='ocrx_word' id='word_1_157' title='bbox 938 2913 1127 3030; x_wconf 81' lang='lat' dir='ltr'>solio</span> <span class='ocrx_word' id='word_1_158' title='bbox 1158 2978 1183 3019; x_wconf 93' lang='lat'>,</span> <span class='ocrx_word' id='word_1_159' title='bbox 1221 2904 1498 3018; x_wconf 83' lang='lat' dir='ltr'>villosus</span> <span class='ocrx_word' id='word_1_160' title='bbox 1531 2923 1889 3003; x_wconf 75' lang='lat' dir='ltr'>TOURN.</span> <span class='ocrx_word' id='word_1_161' title='bbox 1947 2911 2012 2995; x_wconf 94' lang='lat'>1.</span> <span class='ocrx_word' id='word_1_162' title='bbox 2055 2916 2157 3000; x_wconf 82' lang='lat' dir='ltr'>R.</span> <span class='ocrx_word' id='word_1_163' title='bbox 2200 2914 2304 2996; x_wconf 90' lang='lat' dir='ltr'>H.</span> <span class='ocrx_word' id='word_1_164' title='bbox 2349 2927 2467 3021; x_wconf 87' lang='lat'>4&#39;8</span> <span class='ocrx_word' id='word_1_165' title='bbox 2484 2945 2566 3001; x_wconf 89' lang='lat'>2.</span> <span class='ocrx_word' id='word_1_166' title='bbox 2611 2937 2934 3030; x_wconf 82' lang='lat' dir='ltr'>propter</span> 
     </span>
     <span class='ocr_line' id='line_1_19' title="bbox 279 3041 2924 3154; baseline 0.002 -28"><span class='ocrx_word' id='word_1_167' title='bbox 279 3042 793 3154; x_wconf 83' lang='lat' dir='ltr'>descriptionis</span> <span class='ocrx_word' id='word_1_168' title='bbox 853 3047 1543 3135; x_wconf 73' lang='lat' dir='ltr'>BAUHINIANAE</span> <span class='ocrx_word' id='word_1_169' title='bbox 1592 3041 2045 3125; x_wconf 87' lang='lat' dir='ltr'>breuitatem</span> <span class='ocrx_word' id='word_1_170' title='bbox 2114 3043 2370 3142; x_wconf 77' lang='lat' dir='ltr'>dicere</span> <span class='ocrx_word' id='word_1_171' title='bbox 2470 3073 2630 3131; x_wconf 90' lang='lat' dir='ltr'>non</span> <span class='ocrx_word' id='word_1_172' title='bbox 2729 3046 2924 3131; x_wconf 71' lang='lat' dir='ltr'>licet.</span> 
     </span>
    </p>
   </div>
   <div class='ocr_carea' id='block_1_3' title="bbox 274 3167 2927 3390">
    <p class='ocr_par' dir='ltr' id='par_1_4' title="bbox 274 3167 2927 3390">
     <span class='ocr_line' id='line_1_20' title="bbox 277 3167 2891 3280; baseline 0.003 -24"><span class='ocrx_word' id='word_1_173' title='bbox 277 3167 471 3256; x_wconf 86' lang='lat' dir='ltr'>Sane</span> <span class='ocrx_word' id='word_1_174' title='bbox 532 3174 709 3257; x_wconf 87' lang='lat' dir='ltr'>icon</span> <span class='ocrx_word' id='word_1_175' title='bbox 772 3185 1152 3267; x_wconf 77' lang='lat' dir='ltr'>LOBELII</span> <span class='ocrx_word' id='word_1_176' title='bbox 1207 3191 1291 3280; x_wconf 89' lang='lat' dir='ltr'>p.</span> <span class='ocrx_word' id='word_1_177' title='bbox 1364 3198 1411 3273; x_wconf 82' lang='lat'><strong>3</strong></span> <span class='ocrx_word' id='word_1_178' title='bbox 1427 3192 1579 3273; x_wconf 81' lang='lat'>47.</span> <span class='ocrx_word' id='word_1_179' title='bbox 1649 3167 1774 3252; x_wconf 91' lang='lat' dir='ltr'>sub</span> <span class='ocrx_word' id='word_1_180' title='bbox 1835 3172 2156 3255; x_wconf 89' lang='lat' dir='ltr'>nomine</span> <span class='ocrx_word' id='word_1_181' title='bbox 2225 3175 2551 3260; x_wconf 84' lang='lat' dir='ltr'>Com’zae</span> <span class='ocrx_word' id='word_1_182' title='bbox 2649 3173 2891 3264; x_wconf 81' lang='lat' dir='ltr'>heleni</span> 
     </span>
     <span class='ocr_line' id='line_1_21' title="bbox 274 3297 2927 3390; baseline 0.002 -7"><span class='ocrx_word' id='word_1_183' title='bbox 274 3301 443 3387; x_wconf 77' lang='lat' dir='ltr'>tidis</span> <span class='ocrx_word' id='word_1_184' title='bbox 506 3300 826 3387; x_wconf 70' lang='lat' dir='ltr'>mellitae</span> <span class='ocrx_word' id='word_1_185' title='bbox 880 3304 1188 3386; x_wconf 86' lang='lat' dir='ltr'>incanae</span> <span class='ocrx_word' id='word_1_186' title='bbox 1251 3297 1595 3383; x_wconf 82' lang='lat' dir='ltr'>exhibita</span> <span class='ocrx_word' id='word_1_187' title='bbox 1657 3321 1818 3381; x_wconf 88' lang='lat' dir='ltr'>non</span> <span class='ocrx_word' id='word_1_188' title='bbox 1883 3300 2308 3388; x_wconf 83' lang='lat' dir='ltr'>admodum</span> <span class='ocrx_word' id='word_1_189' title='bbox 2389 3302 2700 3390; x_wconf 87' lang='lat' dir='ltr'>abludit.</span> <span class='ocrx_word' id='word_1_190' title='bbox 2787 3303 2927 3389; x_wconf 86' lang='lat' dir='ltr'>Li-</span> 
     </span>
    </p>
   </div>
   <div class='ocr_carea' id='block_1_4' title="bbox 242 3427 3054 4821">
    <p class='ocr_par' dir='ltr' id='par_1_5' title="bbox 249 3427 3054 4054">
     <span class='ocr_line' id='line_1_22' title="bbox 275 3427 2921 3539; baseline 0.003 -28"><span class='ocrx_word' id='word_1_191' title='bbox 275 3449 391 3512; x_wconf 84' lang='lat' dir='ltr'>cet</span> <span class='ocrx_word' id='word_1_192' title='bbox 453 3432 673 3515; x_wconf 89' lang='lat' dir='ltr'>enim</span> <span class='ocrx_word' id='word_1_193' title='bbox 745 3429 925 3516; x_wconf 69' lang='lat' dir='ltr'>folia</span> <span class='ocrx_word' id='word_1_194' title='bbox 1022 3427 1371 3516; x_wconf 82' lang='lat' dir='ltr'>radicalia</span> <span class='ocrx_word' id='word_1_195' title='bbox 1464 3430 1696 3514; x_wconf 85' lang='lat' dir='ltr'>nimis</span> <span class='ocrx_word' id='word_1_196' title='bbox 1753 3428 1896 3513; x_wconf 82' lang='lat' dir='ltr'>fint</span> <span class='ocrx_word' id='word_1_197' title='bbox 1994 3449 2214 3515; x_wconf 86' lang='lat' dir='ltr'>acuta</span> <span class='ocrx_word' id='word_1_198' title='bbox 2251 3497 2278 3539; x_wconf 90' lang='lat'>,</span> <span class='ocrx_word' id='word_1_199' title='bbox 2339 3433 2605 3519; x_wconf 81' lang='lat' dir='ltr'>dantur</span> <span class='ocrx_word' id='word_1_200' title='bbox 2680 3435 2921 3519; x_wconf 83' lang='lat' dir='ltr'>etiam</span> 
     </span>
     <span class='ocr_line' id='line_1_23' title="bbox 275 3556 2916 3669; baseline 0.005 -31"><span class='ocrx_word' id='word_1_201' title='bbox 275 3559 562 3644; x_wconf 74' lang='lat' dir='ltr'>nostrae</span> <span class='ocrx_word' id='word_1_202' title='bbox 629 3556 932 3669; x_wconf 83' lang='lat' dir='ltr'>plantae</span> <span class='ocrx_word' id='word_1_203' title='bbox 1009 3557 1472 3668; x_wconf 83' lang='lat' dir='ltr'>specimina,</span> <span class='ocrx_word' id='word_1_204' title='bbox 1574 3556 1712 3641; x_wconf 81' lang='lat' dir='ltr'>vbi</span> <span class='ocrx_word' id='word_1_205' title='bbox 1779 3557 1920 3640; x_wconf 80' lang='lat' dir='ltr'>vix</span> <span class='ocrx_word' id='word_1_206' title='bbox 1986 3559 2129 3643; x_wconf 83' lang='lat' dir='ltr'>alia</span> <span class='ocrx_word' id='word_1_207' title='bbox 2195 3559 2378 3645; x_wconf 90' lang='lat' dir='ltr'>sunt</span> <span class='ocrx_word' id='word_1_208' title='bbox 2487 3562 2614 3649; x_wconf 94' lang='lat' dir='ltr'>Sic</span> <span class='ocrx_word' id='word_1_209' title='bbox 2679 3569 2916 3650; x_wconf 87' lang='lat' dir='ltr'>etiam</span> 
     </span>
     <span class='ocr_line' id='line_1_24' title="bbox 274 3681 3054 3803; baseline 0.003 -35"><span class='ocrx_word' id='word_1_210' title='bbox 274 3681 641 3772; x_wconf 80' lang='lat' dir='ltr'>Iacobaea</span> <span class='ocrx_word' id='word_1_211' title='bbox 712 3688 1142 3781; x_wconf 83' lang='lat' dir='ltr'>Pannonica</span> <span class='ocrx_word' id='word_1_212' title='bbox 1193 3683 1299 3771; x_wconf 92' lang='lat'>11</span> <span class='ocrx_word' id='word_1_213' title='bbox 1342 3700 1607 3785; x_wconf 86' lang='lat' dir='ltr'><strong>CLUS.</strong></span> <span class='ocrx_word' id='word_1_214' title='bbox 1665 3683 1752 3771; x_wconf 83' lang='lat' dir='ltr'>h·</span> <span class='ocrx_word' id='word_1_215' title='bbox 1785 3711 1872 3797; x_wconf 90' lang='lat' dir='ltr'>p.</span> <span class='ocrx_word' id='word_1_216' title='bbox 1938 3712 2102 3772; x_wconf 78' lang='lat' dir='ltr'>xxx</span> <span class='ocrx_word' id='word_1_217' title='bbox 2130 3714 2205 3770; x_wconf 88' lang='lat'>1.</span> <span class='ocrx_word' id='word_1_218' title='bbox 2275 3719 2319 3775; x_wconf 89' lang='grc'><strong>3</strong></span> <span class='ocrx_word' id='word_1_219' title='bbox 2389 3696 2748 3786; x_wconf 79' lang='lat' dir='ltr'>varietate</span> <span class='ocrx_word' id='word_1_220' title='bbox 2799 3685 2921 3803; x_wconf 69' lang='lat' dir='ltr'>jv</span> <span class='ocrx_word' id='word_1_221' title='bbox 3047 3733 3054 3744; x_wconf 91' lang='lat'><strong>·</strong></span> 
     </span>
     <span class='ocr_line' id='line_1_25' title="bbox 267 3814 2922 3924; baseline 0.004 -29"><span class='ocrx_word' id='word_1_222' title='bbox 267 3836 423 3898; x_wconf 90' lang='lat' dir='ltr'>non</span> <span class='ocrx_word' id='word_1_223' title='bbox 481 3815 837 3923; x_wconf 78' lang='lat' dir='ltr'>abludit,</span> <span class='ocrx_word' id='word_1_224' title='bbox 901 3814 1040 3900; x_wconf 89' lang='lat' dir='ltr'>nifi</span> <span class='ocrx_word' id='word_1_225' title='bbox 1105 3839 1267 3921; x_wconf 88' lang='lat' dir='ltr'>e0,</span> <span class='ocrx_word' id='word_1_226' title='bbox 1333 3817 1540 3924; x_wconf 85' lang='lat' dir='ltr'>quod</span> <span class='ocrx_word' id='word_1_227' title='bbox 1605 3815 1786 3900; x_wconf 86' lang='lat' dir='ltr'>folia</span> <span class='ocrx_word' id='word_1_228' title='bbox 1850 3841 1989 3901; x_wconf 86' lang='lat' dir='ltr'>nec</span> <span class='ocrx_word' id='word_1_229' title='bbox 2046 3818 2420 3914; x_wconf 74' lang='lat' dir='ltr'>delineent</span> <span class='ocrx_word' id='word_1_230' title='bbox 2478 3845 2619 3914; x_wconf 83' lang='lat' dir='ltr'>nec</span> <span class='ocrx_word' id='word_1_231' title='bbox 2651 3818 2922 3916; x_wconf 72' lang='lat' dir='ltr'>deseri</span> 
     </span>
     <span class='ocr_line' id='line_1_26' title="bbox 242 3934 1875 4054; baseline 0.001 -25.004"><span class='ocrx_word' id='word_1_232' title='bbox 242 3934 441 4029; x_wconf 66' lang='lat' dir='ltr'>‘bant</span> <span class='ocrx_word' id='word_1_233' title='bbox 502 3945 853 4032; x_wconf 66' lang='lat' dir='ltr'>auctores</span> <span class='ocrx_word' id='word_1_234' title='bbox 912 3969 1248 4054; x_wconf 77' lang='lat' dir='ltr'>vnquam</span> <span class='ocrx_word' id='word_1_235' title='bbox 1319 3944 1804 4029; x_wconf 88' lang='lat' dir='ltr'>denticulata.</span> <span class='ocrx_word' id='word_1_236' title='bbox 1868 4033 1875 4042; x_wconf 67' lang='grc'>,</span> 
     </span>
    </p>

    <p class='ocr_par' dir='ltr' id='par_1_6' title="bbox 264 4007 2917 4712">
     <span class='ocr_line' id='line_1_27' title="bbox 387 4007 2917 4187; baseline 0.003 -26"><span class='ocrx_word' id='word_1_237' title='bbox 387 4073 742 4161; x_wconf 74' lang='grc' dir='ltr'>Ν3Ιίτίιιιι·</span> <span class='ocrx_word' id='word_1_238' title='bbox 795 4074 892 4159; x_wconf 87' lang='lat' dir='ltr'>ab</span> <span class='ocrx_word' id='word_1_239' title='bbox 956 4068 1239 4185; x_wconf 67' lang='lat' dir='ltr'>Iemsta</span> <span class='ocrx_word' id='word_1_240' title='bbox 1311 4070 1553 4157; x_wconf 89' lang='lat' dir='ltr'>fluuio</span> <span class='ocrx_word' id='word_1_241' title='bbox 1615 4075 1711 4159; x_wconf 88' lang='lat' dir='ltr'>ad</span> <span class='ocrx_word' id='word_1_242' title='bbox 1806 4064 2211 4187; x_wconf 84' lang='lat' dir='ltr'>Angaram</span> <span class='ocrx_word' id='word_1_243' title='bbox 2272 4097 2351 4163; x_wconf 84' lang='lat' dir='ltr'>et</span> <span class='ocrx_word' id='word_1_244' title='bbox 2413 4080 2493 4174; x_wconf 88' lang='lat' dir='ltr'>in</span> <span class='ocrx_word' id='word_1_245' title='bbox 2555 4007 2917 4168; x_wconf 73' lang='lat' dir='ltr'>ttansbai</span> 
     </span>
     <span class='ocr_line' id='line_1_28' title="bbox 271 4202 2913 4317; baseline 0.003 -29"><span class='ocrx_word' id='word_1_246' title='bbox 271 4202 581 4296; x_wconf 71' lang='lat' dir='ltr'>mlmsoe</span> <span class='ocrx_word' id='word_1_247' title='bbox 642 4204 983 4314; x_wconf 83' lang='lat' dir='ltr'>regiones</span> <span class='ocrx_word' id='word_1_248' title='bbox 1043 4227 1336 4314; x_wconf 69' lang='lat' dir='ltr'>Vsque,</span> <span class='ocrx_word' id='word_1_249' title='bbox 1400 4227 1545 4286; x_wconf 82' lang='lat' dir='ltr'>nec</span> <span class='ocrx_word' id='word_1_250' title='bbox 1609 4229 1769 4286; x_wconf 85' lang='lat' dir='ltr'>non</span> <span class='ocrx_word' id='word_1_251' title='bbox 1832 4207 1929 4289; x_wconf 87' lang='lat' dir='ltr'>ad</span> <span class='ocrx_word' id='word_1_252' title='bbox 1996 4210 2323 4317; x_wconf 85' lang='lat' dir='ltr'>Amgam</span> <span class='ocrx_word' id='word_1_253' title='bbox 2391 4228 2468 4291; x_wconf 89' lang='lat' dir='ltr'>et</span> <span class='ocrx_word' id='word_1_254' title='bbox 2537 4209 2913 4295; x_wconf 83' lang='lat' dir='ltr'>Aldanum</span> 
     </span>
     <span class='ocr_line' id='line_1_29' title="bbox 267 4328 2916 4446; baseline 0.002 -32"><span class='ocrx_word' id='word_1_255' title='bbox 267 4328 552 4422; x_wconf 80' lang='lat' dir='ltr'>fluuios,</span> <span class='ocrx_word' id='word_1_256' title='bbox 691 4331 1005 4416; x_wconf 87' lang='lat' dir='ltr'>Abhinc</span> <span class='ocrx_word' id='word_1_257' title='bbox 1069 4330 1407 4443; x_wconf 75' lang='lat' dir='ltr'>disparet.</span> <span class='ocrx_word' id='word_1_258' title='bbox 1542 4331 1676 4416; x_wconf 89' lang='lat' dir='ltr'>Ad</span> <span class='ocrx_word' id='word_1_259' title='bbox 1741 4332 1959 4421; x_wconf 80' lang='lat' dir='ltr'>Irtim</span> <span class='ocrx_word' id='word_1_260' title='bbox 2024 4336 2336 4430; x_wconf 79' lang='lat' dir='ltr'>fluuium</span> <span class='ocrx_word' id='word_1_261' title='bbox 2378 4364 2752 4446; x_wconf 85' lang='lat' dir='ltr'>nunquam</span> <span class='ocrx_word' id='word_1_262' title='bbox 2797 4341 2916 4420; x_wconf 67' lang='lat' dir='ltr'>vi-</span> 
     </span>
     <span class='ocr_line' id='line_1_30' title="bbox 264 4457 2916 4569; baseline 0.003 -27"><span class='ocrx_word' id='word_1_263' title='bbox 264 4457 402 4569; x_wconf 86' lang='lat' dir='ltr'>di,</span> <span class='ocrx_word' id='word_1_264' title='bbox 465 4474 1035 4556; x_wconf 81' lang='lat' dir='ltr'>STELLERUS</span> <span class='ocrx_word' id='word_1_265' title='bbox 1079 4481 1344 4548; x_wconf 85' lang='lat' dir='ltr'>tamen</span> <span class='ocrx_word' id='word_1_266' title='bbox 1412 4460 1506 4544; x_wconf 86' lang='lat' dir='ltr'>ad</span> <span class='ocrx_word' id='word_1_267' title='bbox 1570 4464 1850 4546; x_wconf 84' lang='lat' dir='ltr'>radices</span> <span class='ocrx_word' id='word_1_268' title='bbox 1918 4467 2209 4550; x_wconf 84' lang='lat' dir='ltr'>montis</span> <span class='ocrx_word' id='word_1_269' title='bbox 2269 4465 2591 4549; x_wconf 74' lang='lat' dir='ltr'>Pavdae</span> <span class='ocrx_word' id='word_1_270' title='bbox 2675 4466 2916 4549; x_wconf 86' lang='lat' dir='ltr'>colle-</span> 
     </span>
     <span class='ocr_line' id='line_1_31' title="bbox 265 4588 2913 4712; baseline 0.003 -40"><span class='ocrx_word' id='word_1_271' title='bbox 265 4588 434 4702; x_wconf 84' lang='lat' dir='ltr'>git,</span> <span class='ocrx_word' id='word_1_272' title='bbox 498 4595 627 4682; x_wconf 77' lang='lat' dir='ltr'>vti</span> <span class='ocrx_word' id='word_1_273' title='bbox 672 4590 992 4712; x_wconf 73' lang='lat' dir='ltr'>plantae</span> <span class='ocrx_word' id='word_1_274' title='bbox 1047 4616 1200 4690; x_wconf 65' lang='lat' dir='ltr'>ems</span> <span class='ocrx_word' id='word_1_275' title='bbox 1261 4590 1494 4682; x_wconf 71' lang='lat' dir='ltr'>siccae</span> <span class='ocrx_word' id='word_1_276' title='bbox 1560 4592 1977 4704; x_wconf 75' lang='lat' dir='ltr'>testantur,</span> <span class='ocrx_word' id='word_1_277' title='bbox 2040 4620 2227 4707; x_wconf 87' lang='lat' dir='ltr'>ego</span> <span class='ocrx_word' id='word_1_278' title='bbox 2253 4620 2489 4710; x_wconf 76' lang='lat' dir='ltr'>porro</span> <span class='ocrx_word' id='word_1_279' title='bbox 2592 4596 2913 4682; x_wconf 83' lang='lat' dir='ltr'>varieta-</span> 
     </span>
    </p>

    <p class='ocr_par' dir='ltr' id='par_1_7' title="bbox 1418 4718 2907 4821">
     <span class='ocr_line' id='line_1_32' title="bbox 1418 4718 2907 4821; baseline 0.005 -18"><span class='ocrx_word' id='word_1_280' title='bbox 1418 4718 1495 4803; x_wconf 92' lang='lat' dir='ltr'>V</span> <span class='ocrx_word' id='word_1_281' title='bbox 1565 4741 1614 4821; x_wconf 79' lang='lat'>3</span> <span class='ocrx_word' id='word_1_282' title='bbox 2745 4748 2907 4810; x_wconf 88' lang='lat' dir='ltr'>tem</span> 
     </span>
    </p>
   </div>
  </div>
 </body>
</html>
