4378 5721
1458 609 1507 665 2
1525 608 1565 665 1
1582 589 1642 665 6
2398 581 3217 679 AGGREGATAE.
3323 692 3329 697 ,

1964 820 2428 935 Rapunculus
2507 817 2891 937 Scabicffae
2982 822 3292 938 capitulo
3385 821 3709 911 caeruleo
3774 820 3871 910 B.
3932 826 4079 939 pin‘

1895 994 1899 1003 ‚
2101 979 2249 1052 92.

1958 1073 2312 1192 Scabiosa
2372 1086 2602 1166 minor
2665 1093 2894 1169 DOD.
2961 1109 2997 1161 1
3021 1108 3067 1161 2
3087 1109 3162 1166 r.

1956 1204 2305 1321 Scabiosa
2368 1212 2610 1294 media
2684 1225 2904 1302 LOB.
2964 1217 3056 1296 ic.
3130 1215 3342 1311 536.

1957 1332 2305 1451 Scabiosa
2351 1336 2751 1449 globularis
2814 1363 3028 1450 quam
3062 1344 3345 1426 ouinam
3394 1352 3662 1425 vocant
3694 1336 3763 1425 1.
3806 1338 3909 1426 Β.
3943 1337 4075 1426 111.

2084 1469 2304 1551 Part.
2385 1495 2421 1546 1
2444 1532 2460 1549 .
2537 1494 2574 1544 1
2596 1492 2678 1548 2.

1581 1612 2092 1692 GERBERUS
2147 1600 2332 1679 inter
2389 1594 2584 1681 lelez
2616 1615 2694 1678 et
2729 1595 2858 1679 W
2847 1590 3182 1709 oromffch
3219 1614 3305 1680 vt
3353 1614 3432 1678 et
3469 1598 3547 1679 in
3581 1599 3872 1707 campis
3905 1601 4080 1709 apri-

1443 1729 1553 1812 cis
1615 1726 2111 1811 Colaccorum
2172 1727 2652 1839 Tanae‘ryium
2717 1729 2994 1836 reperit
3024 1728 3236 1810 caule
3269 1726 3518 1835 pedali
3549 1744 3628 1809 et
3659 1727 3827 1837 plus
3872 1752 4079 1838 quam

1452 1858 1851 1942 dimidiam
1921 1872 2224 1962 partem
2295 1856 2519 1938 nudo.

1578 2012 1664 2089 9.
1734 1978 2221 2070 STATICE
2302 1983 2496 2067 foliis
2557 2007 2659 2065 ex
2732 1981 3147 2068 lanceolato
3248 1982 3644 2067 linearibus
3738 1983 4073 2089 caulinis,

1830 2111 1982 2196 bafi
2048 2112 2569 2227 vaginantibus
2603 2178 2625 2217 ,
2725 2112 3069 2219 capitulis
3203 2110 3498 2195 alternis
3598 2110 4067 2197 subleffilibus.

1831 2241 2032 2323 Tab.
2102 2236 2661 2324 LXXXVIII.
2736 2239 2899 2347 Fig.
2981 2265 3061 2319 2.
3139 2261 3220 2337 3.

1902 2365 2373 2455 ZLimonium
2430 2383 2743 2480 paruum
2839 2366 3117 2453 bellidis
3216 2371 3515 2455 minoris
3578 2369 3769 2487 solio
3833 2367 3931 2454 C.
3987 2366 4064 2453 B.

2079 2501 2233 2611 pin.
2315 2522 2517 2599 192.

1964 2622 2368 2714 Limonium
2418 2614 2843 2739 fruticosum
2881 2694 2918 2732 ‚.
2990 2626 3332 2739 glabrum
3374 2690 3399 2733 ,
3446 2629 3767 2749 floribus
3835 2630 3913 2712 in
3963 2650 4072 2712 ca-

2078 2752 2316 2874 pitula
2372 2756 2703 2870 corgcssis
2769 2769 3018 2845 ΛΜΜ.
3072 2755 3306 2843 Ruth.
3391 2784 3429 2837 1
3455 2779 3591 2858 27.

1582 2883 1852 2972 Caules
1914 2885 2139 2970 multi
2211 2906 2310 2962 ex
2379 2907 2528 2964 vna
2590 2884 2871 2987 radice,
2940 2883 3422 2994 semipedales
3481 2907 3559 2969 et
3591 2886 4073 2988 dodrantaleS,

1454 3016 2041 3127 procumbentes
2080 3075 2103 3114 ‚
2164 3028 2241 3090 et
2303 3032 2630 3120 eovsque
2681 3007 2915 3093 'foliis
3007 3014 3237 3097 cinCti
3274 3081 3297 3123 ‚
3361 3015 3687 3127 oblonge
3718 3017 3833 3098 elli
3840 3015 4073 3124 pticis‚

1455 3162 1539 3226 et
1616 3138 2180 3251 angustioribuS,
2256 3136 2550 3246 petiolo
2611 3137 2813 3222 alato
2906 3137 3382 3227 insidentibus
3419 3209 3442 3251 ‚
3543 3144 3780 3227 veluti
3841 3144 4072 3227 scabris

1459 3289 1592 3357 aut
1691 3271 2030 3353 minimis
2122 3267 2548 3350 eminentiis
2645 3265 2914 3376 asperis
2948 3332 2972 3373 ,
3041 3294 3086 3351 e
3151 3273 3372 3354 viridi
3435 3273 3776 3381 incanis;
3882 3273 4072 3354 Tunc

1455 3402 1835 3508 eriguntur
1869 3465 1891 3505 ,
1956 3417 2172 3508 atque
2233 3395 2310 3474 in
2381 3395 2569 3478 duos
2629 3414 2862 3477 tresue
2925 3421 3177 3481 ramos
3236 3402 3664 3485 diuiduntur
3701 3466 3725 3506 ,
3795 3398 3949 3482 'aut
4004 3414 4073 3479 et

1459 3527 1838 3637 fimplices
1902 3524 2060 3608 sunt
2095 3591 2117 3631 ,
2183 3523 2359 3603 nudi
2403 3587 2427 3628 ‚
2491 3524 2582 3606 ad
2652 3548 2906 3605 ramos
2964 3524 3339 3609 inferiores
3398 3554 3937 3638 nonnunquam
3971 3524 4070 3608 fo-

1456 3653 1647 3736 liolo
1684 3721 1707 3760 ‚
1768 3652 2226 3736 inferioribus
2287 3651 2513 3733 fimili
2549 3714 2573 3754 ,
2658 3649 2837 3735 hinc
2903 3652 3220 3763 squamis
3318 3658 3591 3740 vestiti.
3727 3652 4072 3740 cauliculi

1452 3781 1876 3866 craffiusculi
1916 3846 1938 3886 ,
1976 3781 2307 3864 eiusdem
2372 3778 2645 3861 coloris
2681 3844 2703 3884 ,
2770 3806 2996 3890 quam
3064 3781 3262 3865 folia.
3409 3781 3962 3868 Cauliculorum
4009 3798 4076 3863 et

1451 3937 1848 3998 ramorum
1918 3910 2281 3991 extremis
2348 3921 2492 3989 tres
2553 3924 2679 3990 aut
2744 3927 3058 4018 quatuor
3120 3913 3530 4020 quinqueue
3566 3913 3879 4022 oblongi
3926 3912 4077 4020 glo·

1428 4063 1702 4121 =meres
1798 4037 2202 4121 adhaerent
2241 4102 2265 4140 ,
2322 4033 2681 4145 -squamis
2739 4057 2819 4119 et
2881 4038 3192 4121 caliculis
3258 4043 3505 4148 paruis
3540 4107 3563 4147 ‚
3662 4065 3763 4126 ex
3830 4037 4078 4124 albenti

1455 4184 1538 4247 et
1597 4165 1791 4249 filsco
1859 4165 2078 4247 variis
2141 4182 2219 4245 et
2281 4160 2589 4246 flosculis
2652 4166 2919 4273 pallide.
2985 4167 3334 4251 caeruleis
3427 4169 3868 4278 compofiti.
3930 4167 4079 4248 Ta-

1449 4296 1613 4387 km
1686 4292 2028 4404 plantam
2127 4292 2291 4402 Fig.
2366 4316 2445 4369 2.
2535 4291 2733 4375 fistit.
2869 4291 3114 4403 Saepe
3211 4298 3445 4379 etiam
3541 4297 3803 4405 singuli
3896 4292 4076 4377 rami

1454 4422 1766 4533 globoso
1830 4420 1980 4503 fere
2046 4419 2323 4533 florum
2403 4420 2779 4525 corymbo
2875 4424 3367 4508 terminantur
3401 4491 3423 4530 ,
3526 4425 3641 4508 cui
3709 4425 4081 4507 interdum

1455 4570 1642 4634 vaus
1702 4569 1828 4635 aut
1889 4548 2073 4633 alter
2133 4546 2367 4634 subest
2401 4613 2426 4655 ,
2525 4574 3072 4661 nonnunquam
3175 4531 3452 4640 etiam‘
3508 4577 3700 4636 vnus
3764 4576 3844 4634 et
3906 4538 4084 4634 alter

3784 4699 4085 4786 corym·
