4378 5721
1380 569 1454 661 s
2075 561 2142 647 1.
2213 548 3328 647 sEmFLochLOSAE
3483 482 3487 486 ⁵

1277 875 1288 886 ,
1404 807 1549 873 tur.
1618 783 1976 875 Corollae
2041 791 2481 879 imbricatae
2539 792 2755 875 color
2814 812 2918 899 ex
2958 782 3715 897 aquatticocaeruieo
3746 812 4055 895 carneus

1341 1001 1345 1005 ⁴
1400 917 1508 1000 est
1549 983 1572 1023 ,
1635 919 1915 1007 flosculi
1981 941 2239 1012 autem
2298 921 2604 1030 triginta
2651 920 2957 1003 circiter
3019 934 3509 1001 numerantur
3547 981 3571 1023 ,
3633 916 3847 1001 lineis
3879 918 4052 1002 lon-

1401 1047 1928 1156 gitudinalibus
1961 1047 2437 1132 saturinribus
2470 1049 2695 1131 striati
2736 1113 2758 1154 ‚
2797 1052 2926 1158 qui
2965 1045 3062 1127 ab
3097 1066 3457 1129 extremo
3490 1043 3709 1128 velut
3782 1071 4054 1155 ampu-

1400 1175 1544 1255 tati
1608 1176 1689 1255 iu
1753 1178 2084 1287 quinque
2150 1164 2408 1284 dentes
2471 1176 2830 1282 definunt.
2959 1173 3306 1258 Anthera
3400 1173 3712 1273 albens,
3810 1174 4055 1256 viola-

1395 1325 1545 1384 ceo
1607 1302 1867 1410 colore
1931 1306 2177 1390 striata
2242 1305 2378 1389 est.
2508 1299 2742 1386 Calix
2803 1304 3241 1387 communis
3298 1301 3733 1384 imbricatus
3769 1365 3791 1407 ‚
3869 1326 4053 1383 can·

1400 1429 1622 1525 didae
1689 1430 2053 1543 lanuginis
2113 1435 2356 1544 specie
2421 1430 2687 1544 paffim
2751 1432 3152 1516 obuolutus
3186 1496 3211 1539 ,
3295 1429 3617 1539 squamis
3717 1429 3989 1512 obtufis
4025 1495 4053 1539 ,

1317 1661 1329 1677 .
1394 1558 1870 1669 pallidiffime
1935 1562 2335 1671 viridibus,
2378 1565 2472 1645 ad
2510 1585 2677 1646 oras
2709 1562 3159 1667 albentibu5‚
3192 1562 3762 1666 extremitatem
3806 1556 4057 1642 versus

1393 1686 1696 1771 macula
1755 1690 2079 1800 punicea
2145 1693 2423 1775 notatis
2454 1755 2478 1795 ‚
2511 1690 2916 1773 conflatur.
2985 1686 3295 1774 Semina
3328 1685 3661 1795 oblonga
3695 1700 3775 1766 et
3827 1710 4055 1768 com-

1392 1811 1637 1924 press‘a
1673 1879 1696 1919 ,
1758 1835 2079 1924 vtroque
2139 1841 2498 1909 extremo
2552 1817 2795 1904 -retuia
2834 1885 2858 1919 ,
2922 1845 3017 1921 pa
3027 1842 3184 1922 ppo
3247 1812 3547 1899 ramoso
3597 1814 3682 1895 in
3719 1812 4052 1920 superio-

1389 1942 1460 2025 ri
1525 1937 1887 2025 e'xtremo
1949 1960 2440 2024 exornantur.

1524 2070 1608 2155 A
1679 2072 1889 2161 laico
1953 2069 2189 2153 fluuio
2250 2070 2346 2152 ad
2392 2060 2655 2154 Obum
2737 2090 2972 2177 Vsque
3036 2067 3448 2176 prouenit:
3512 2064 3826 2149 vlterius
3892 2067 4050 2152 ori-

1395 2214 1661 2283 entem
1728 2202 1970 2282 verius
2027 2220 2191 2279 non
2271 2196 2460 2279 vidi.
2592 2193 2971 2304 Magnam
3028 2200 3197 2280 eius
3263 2221 3428 2280 vim
3497 2196 3578 2277 in
3659 2194 4055 2280 Baraben-

1369 2326 1586 2442 szbus
1645 2325 1942 2468 campis
2007 2325 2103 2406 ad
2169 2324 2421 2407 lacum
2491 2348 2756 2408 canum
2823 2321 2969 2436 (lt
2977 2322 3137 2409 Kul
3161 2322 3189 2435 )
3258 2323 3565 2407 offendi.
3702 2321 3858 2408 Sed
3910 2351 4056 2410 nec

1367 2452 1699 2563 reliquis
1760 2453 1841 2533 in
1902 2451 2094 2535 locis
2193 2478 2348 2535 rara
2398 2473 2633 2560 erat,
2700 2455 2948 2535 modo
3019 2452 3262 2536 solum
3364 2449 3592 2533 filerit
3660 2451 3915 2541 sterile
3970 2471 4055 2537 et

1225 2618 1226 2625 Ν
1390 2579 1699 2667 ficcum.
1831 2576 1989 2664 Sub
2021 2581 2330 2664 initium
2398 2578 2593 2662 Iunii
2662 2580 2941 2663 florere
2998 2601 3078 2663 et
3142 2578 3269 2663 sub
3334 2579 3681 2662 medium
3713 2582 4052 2666 eiusdem

1299 2704 1306 2705 f
1391 2709 1676 2795 mensis
1730 2705 2014 2791 semina
2071 2710 2231 2792 iam
2292 2725 2594 2791 matura
2657 2706 2841 2787 ferre
2911 2707 3094 2790 solet
3131 2772 3159 2814 ‚
3258 2709 3337 2792 id
3401 2711 3607 2816 quod
3666 2708 3905 2793 etiam
3934 2712 4047 2797 in

1388 2835 1628 2924 horto
1690 2835 2171 2920 Academico
2233 2832 2453 2917 huius
2516 2831 2668 2916 loci
2734 2834 3080 2942 contigit.

1516 2963 1757 3070 Icon,
1796 2988 1902 3046 ex
1964 2964 2263 3043 virente
2329 2958 2587 3068 planta
2651 2961 3052 3070 expreffi‚
3119 2978 3371 3048 totam
3438 2962 3782 3051 exhibet.
3892 2964 4054 3056 Ca-

1385 3094 1504 3182 lix
1534 3117 1582 3175 a
1613 3094 1842 3176 latere
1889 3088 2318 3200 fingulatim
2353 3086 2606 3199 pietus
2682 3087 2849 3197 est,
2914 3108 3006 3182 vt
3066 3092 3220 3174 eius
3284 3091 3580 3178 habitus
3640 3096 4055 3270 distinitius

1381 3232 1779 3335 appareat.

1523 3356 1614 3431 6.
1667 3342 2441 3435 CHONDRILLA
2477 3361 2726 3451 L1NN,
2772 3345 2858 3436 h.
2903 3345 3111 3467 Clff.
3150 3287 3361 3449 383.
3396 3364 3628 3446 ROY.
3659 3344 3797 3472 'pr.
3833 3381 4045 3448 120.

1768 3487 2065 3567 HALL
2126 3475 2360 3562 Helv.
2429 3500 2484 3576 7
2499 3500 2540 3578 5
2561 3499 2638 3575 5.

1901 3602 2335 3693 Chondrilla
2393 3611 2719 3695 viminea
2780 3606 2879 3691 Β.
2916 3605 3110 3724 Hst.
3181 3603 3296 3691 11.
3375 3632 3648 3693 1021.
3716 3630 4044 3709 νΑιΠ,

2018 3735 2167 3822 αὖῖ.
2239 3735 2431 3823 Par.
2516 3755 2778 3836 1721.
2845 3766 2931 3848 p.
3008 3763 3207 3845 194.

1525 3863 1794 3950 Planta
1856 3863 1953 3948 ad
2014 3880 2167 3946 tres
2222 3863 2529 3952 cubitos
2589 3861 2743 3948 alt'a
2797 3867 2929 3948 est.
3001 3862 3250 3951 Caulis
3313 3867 3576 3980 paffim
3614 3871 4046 3981 tortuosu5‚

1389 3990 1725 4106 glaucus»,
1761 3992 1900 4080 vix
1934 3990 2352 4128 angulosus,
2384 4014 2468 4080 et
2502 3993 2656 4087 fere
2691 4012 2922 4106 tete-¹25,
2954 4019 3219 4105 cauus,
3254 3996 3524 4083 firmus
3557 4017 3826 4086 tamen
3863 4021 4049 4110 ,ra-

1388 4121 1671 4216 motus.

1431 4249 1733 4345 Folia
1793 4249 2127 4362 oblonge
2191 4249 2585 4360 elliptica,
2648 4250 2936 4360 firma,
3004 4277 3277 4363 parum
3315 4252 3651 4366 venosa,
3727 4256 4050 4343 inferio-

1274 4369 1280 4376 ’
1384 4404 1470 4469 ra
1532 4379 2008 4486 triuncialia,
2067 4399 2148 4463 et
2215 4397 2365 4465 tres
2428 4384 2872 4490 quadrantes
2907 4383 3204 4493 pollicis
3263 4385 3406 4469 lata
3449 4387 4045 4507 ,glaberrima‚

1383 4502 1580 4598 laete
1616 4508 1941 4621 viridia,
2004 4506 2305 4624 spinulis
2338 4510 2782 4690 breuissimis
2818 4514 2909 4604 ad
2934 4514 3355 4625 -margines
3412 4504 3780 4602 serrulata
3867 4517 4045 4600 Alis

3700 4721 3701 4724 a
3807 4640 4039 4730 folio-
