4378 5721
1426 628 1617 742 133
2156 632 2322 720 111.
2392 622 2946 724 FLomBVs
3003 624 3402 723 NVDIS
3547 549 3551 554 ’

1425 862 1684 948 bentes
1747 876 1873 947 aut
1935 885 1981 946 e
2043 861 2369 947 rubenti
2398 862 2733 972 virides,
2770 862 3029 970 duri,
3078 885 3277 945 non
3375 872 3641 951 tamen
3731 857 4008 971 lignofi
4038 925 4073 968 ,

1412 989 1692 1075 leuiter
1754 1007 1834 1074 et
1900 992 2342 1074 inconcinne
2407 989 2695 1097 striati,
2734 1015 3010 1101 pauca
3092 988 3435 1100 lanugine
3531 987 4062 1100 pubescentes,

1419 1119 1519 1202 ab
1575 1121 1747 1202 imo
1803 1119 1898 1203 ad
1962 1116 2348 1202 summum
2412 1141 2778 1227 perquam
2853 1117 3156 1202 ramosi.
3285 1114 3730 1227 Simplices
3822 1116 4067 1199 caules

1418 1245 1683 1358 paucis
1737 1243 1990 1351 soliis,
2056 1248 2287 1355 iisque
2348 1247 2662 1330 minutis
2724 1247 3176 1353 vestiuntur,
3242 1270 3658 1355 eorumque
3692 1243 4064 1335 extremis

1418 1376 1749 1483 quinque
1809 1391 1959 1459 aut·
2001 1371 2132 1459 sex
2194 1372 2499 1483 spicae,
2564 1373 2884 1484 singulae
2948 1372 3181 1456 tribus
3250 1391 3378 1457 aut
3412 1392 3730 1484 quatuor
3757 1395 4066 1477 corym-

1421 1499 1533 1585 bis
1598 1501 2183 1587 flauescentibus'
2215 1503 2528 1587 onustae
2557 1541 2562 1547 ·
2591 1521 2722 1587 aut
2783 1521 2861 1584 et
2923 1500 3308 1594 corymbi·
3332 1500 3640 1593 solitarii
3666 1566 3691 1608 ,
3774 1499 4063 1609 pedun-

1416 1628 1605 1713 culis
1683 1631 2005 1715 incuruis
2094 1627 2493 1712 haerentes
2529 1692 2553 1736 ,
2590 1628 2959 1738 spicarum
3062 1627 3286 1712 instar·
3340 1650 3448 1743 ex
3508 1629 3640 1722 alis
3702 1625 4059 1710 foliorum

1415 1756 1916 1866 pinnatorum
1970 1754 2498 1871 prodeuntes,
2561 1755 2895 1842 haerent.
3016 1752 3118 1840 -In
3173 1757 3469 1843 ramosa
3569 1753 3798 1865 spicie
3887 1752 4081 1857 folia,

1414 1883 1768 1970 inferiora
1832 1887 1910 1969 in
1975 1885 2308 1970 modum
2374 1884 2527 1969 fere
2594 1882 3240 1973 vmbenifemrum
3307 1884 3749 1994 ‘plantatum
3833 1881 4059 1969 diuisa

1254 2033 1259 2041 ·
1413 2008 1581 2095 sunt
1612 2077 1636 2121 ,
1705 2038 1892 2125 quae
1958 2015 2043 2100 in
2107 2030 2424 2123 Vtraque
2486 2013 2857 2129 varietate
2913 2011 3230 2122 pulchre
3295 2014 3555 2099 virent
3584 2076 3610 2117 ,
3674 2009 4056 2120 ssipen-,iota

1415 2157 1675 2225 autem
1728 2161 1906 2225 tam
1967 2141 2200 2226 caulis
2261 2166 2495 2251 quam
2557 2165 2949 2225 ramorum
3014 2138 3191 2223 folia
3258 2138 3572 2249 pinnata
3608 2136 3774 2234 sunt
3809 2202 3836 2247 ,
3902 2137 4053 2223 hoc

1410 2266 1520 2351 est
1556 2331 1580 2375 ,
1652 2267 1981 2377 pinnulis
2044 2269 2365 2378 angustis
2402 2333 2426 2375 ,
2488 2272 2875 2379 Vtrimque
2937 2268 3028 2352 ad
3093 2265 3382 2351 costam
3459 2264 3713 2349 affixis
3748 2331 3774 2375 ,
3868 2267 4046 2365 simff

1274 2477 1285 2485 .
1407 2394 1724 2503 plicibus
1757 2464 1780 2506 ,
1843 2412 1973 2480 aut
2032 2422 2204 2482 raro
2265 2396 2652 2483 subdiuifis:
2669 2462 2694 2504 ‚
2766 2395 3137 2506 praedita.
3304 2389 3560 2478 Cauiis
3615 2412 3706 2475 et·
3788 2419 4049 2479 ramo-

1403 2546 1580 2605 rum
1646 2544 1993 2608 extrema
2057 2549 2232 2636 pars
2295 2524 2464 2609 alba
2526 2524 2873 2633 lanugine
2934 2518 3326 2632 pubescit,
3408 2541 3492 2606 et
3557 2522 3858 2632 longas
3901 2523 4049 2632 spi-

1406 2672 1529 2733 cas
1588 2651 1787 2762 fert,
1872 2677 2062 2763 quae
2119 2652 2281 2739 aliis
2341 2651 2680 2738 constant
2711 2651 3189 2759 minoribus,
3258 2669 3339 2734 et
3406 2648 3676 2739 harum
3735 2650 4048 2762 quidem

1407 2800 1548 2864 eae
1585 2805 1863 2892 ,quae
1924 2781 2254 2893 aliquam
2315 2779 2793 2865 latitudinem
2854 2777 3270 2885 obtinent,
3291 2777 3805 2888 corymbos,
3882 2778 4045 2904 ¹9¹¹*

1403 2907 1517 3017 gis
1576 2905 1742 2991 satis
1805 2909 2210 2992 interuallis
2272 2908 2603 3012 inuicem
2665 2906 3070 3016 distantes,
3134 2908 3215 2992 in
3275 2900 3736 3018 pedunculis
3806 2891 4046 3001 incur·

1402 3034 1525 3117 vis
1590 3031 1896 3142 ferunt,
1962 3038 2042 3119 in
2105 3033 2320 3145 spicis
2379 3034 2838 3136 breuioribus
2895 3051 3149 3120 autem
3213 3035 3326 3156 illi
3385 3034 3591 3192 arete
3651 3052 3760 3121 et
3778 3035 4052 3148 absque

1400 3159 1823 3247 interuentu
1884 3161 2291 3274 pedunculi
2347 3163 2575 3248 ramis
2634 3162 3060 3249 adhaerent.
4054 3151 4059 3160 ’

1536 3285 1921 3397 Corymbi
1955 3295 2219 3405 magni
2251 3291 2413 3376 sunt
2447 3294 2839 3402 ‚minores
2871 3311 3134 3381 tamen
3170 3295 3248 3381 in
3280 3291 3671 3385 humiliori
3722 3294 4044 3409 planta,

1400 3440 1635 3526 quam
1696 3418 1772 3501 in
1832 3419 2080 3506 altiori
2117 3487 2142 3530 ,
2184 3418 2677 3505 -flauestentes
2709 3485 2734 3527 ,
2801 3421 3288 3531 hemicyclici
3346 3445 3426 3511 et
3488 3425 3650 3512 sere·
3700 3426 4032 3536 globosi,

1398 3542 1627 3631 calice
1684 3545 1910 3631 viridi
1948 3615 1972 3656 ,
2030 3551 2243 3632 cuius
2302 3567 2697 3660 extremae
2759 3546 3106 3661 squamae
3169 3552 3398 3664 saepe
3448 3551 3794 3647 ramosae
3821 3552 3977 3640 fimt
4006 3619 4040 3662 ,

1396 3672 1947 3783 comprehensi
2035 3673 2352 3759 Floiculi
2416 3676 2862 3789 plenunque
2927 3677 3171 3787 flaui,
3231 3698 3550 3768 externa
3603 3697 3824 3791 parte
3883 3681 4035 3784 laef-

1391 3825 1498 3909 pe
1558 3799 1787 3886 sature
1846 3804 2177 3911 rubent,
2248 3821 2428 3887 tunc
2493 3806 2729 3890 etiam
2796 3804 3155 3916 pistillum
3217 3807 3709 3902 flosculorum
3779 3828 4032 3920 apeta-

1375 3924 1635 4013 lorum
1698 3931 1941 4016 rubet.
2002 3930 2600 4042 Receptaculum
2661 3931 2831 4044 pilis
2889 3934 3306 4043 mollibus,
3369 3936 3766 4041 candidis,
3855 3936 4014 4023 hin—-

1387 4069 1560 4140 tum
1620 4056 1753 4139 est.
1818 4057 1995 4145 Nec
2058 4060 2319 4169 odor,
2383 4076 2527 4143 'nec
2551 4057 2807 4172 sapor
2870 4061 3171 4171 plantae
3239 4063 3541 4175 insignis
3594 4065 3794 4171 est,
3847 4063 4038 4151 ..Γο

1389 4206 1508 4268 res
1568 4198 1831 4268 tamen
1894 4188 2199 4269 contriti
2263 4188 2540 4297 aliquid
2604 4188 2976 4275 absinthio
3038 4189 3340 4300 analogi
3403 4191 3682 4277 olent.
3997 4245 4004 4256 ·

1494 4309 1921 4397 Varietatis
1964 4303 2035 4422 j.
2095 4289 2329 4399 caulis
2377 4333 2650 4402 tenues
2728 4317 2949 4426 sunt,
3023 4319 3161 4403 vix
3259 4319 3684 4428 cubitales,
3771 4319 4034 4431 paucis

1383 4434 1607 4521 foliis·
1643 4439 1957 4551 stipati,
2022 4444 2382 4540 tenuitate
2440 4462 2527 4527 et
2592 4445 3065 4532 incisionibus
3126 4446 3392 4531 anethi
3443 4447 3626 4544 folia-
3684 4445 4030 4550 releren-

1382 4561 1638 4678 tibus,
1692 4565 1863 4660 sed
1884 4569 2363 4684 minoribus,
2422 4573 2731 4664 incarnis.
2892 4568 3128 4666 Cal-ix
3186 4574 3427 4674 etiam
3522 4599 3855 4679 metens
3913 4571 4030 4674 est

1334 4751 1338 4754 Α
3938 4716 4030 4788 et
