4378 5721
1088 610 1159 703 1.
1219 603 2363 704 SEMIFLOSC'VLOSAE.
2650 584 2659 595 ’
2865 634 2905 696 x
2926 634 2969 698 ι

465 837 560 929 1n
617 837 838 929 omni
900 826 1173 926 Sibiria
1234 830 1570 954 nequens
1625 838 1760 927 est.

471 995 512 1058 ι
534 994 575 1055 1
592 1032 613 1057 .
677 964 1195 1062 SONCHUS
1257 968 1449 1057 ibliis
1477 968 1909 1056 lanceolatis
1941 1036 1969 1082 ‚
2048 966 2394 1060 stffilibtss
2426 1035 2454 1079 ‚
2531 967 2981 1084 plerumque

706 1097 1174 1187 denticulatis
1208 1165 1233 1209 ‚
1290 1098 1598 1185 floribus
1676 1098 2152 1210 corymbofis
2185 1162 2212 1208 ,
2275 1096 2597 1186 caulibus
2694 1099 2977 1213 glabris

836 1352 1174 1446 Lucium
1207 1346 1674 1483 [alicisfolio
1709 1347 2018 1472 senato
2050 1423 2076 1472 ‚
2117 1353 2326 1471 flore
2354 1350 2688 1445 caeruleo
2716 1369 2968 1451 AMM-

956 1484 1190 1574 Ruth.
1269 1509 1482 1571 211.
1546 1504 1626 1571 et
1695 1510 1907 1573 212.

835 1610 1171 1703 Sonchus
1251 1611 1469 1732 filiis
1577 1611 1996 1703 lanceolatis
2031 1677 2060 1722 ‚
2156 1613 2479 1735 inditffis
2512 1679 2541 1726 ,
2611 1606 2976 1731 stffllibu‘s

969 1754 1214 1836 uun.
1271 1738 1489 1830 Suec.
1537 1741 1793 1862 praef
1863 1739 2093 1828 v111.

1076 1862 1151 1985 j.
1217 1866 1450 1955 Idem
1514 1870 1823 1957 floribus
1883 1869 2098 1957 albis.
2183 1900 2199 1917 Χ

456 1995 805 2091 Plantam
868 1998 1070 2087 hanc
1130 1999 1361 2084 totius
1452 1991 1768 2086 Sibiriae
1803 2065 1828 2109 ‚
1922 2000 2103 2111 quin
2184 2014 2269 2086 et
2328 1995 2691 2085 inferioris
2745 1992 2970 2085 Wol-

306 2149 467 2244 gae
522 2127 728 2217 fluuii
825 2131 1331 2243 indigenam,
1428 2126 1699 2238 paffim
1797 2146 2042 2213 enam
2105 2128 2189 2213 in
2268 2125 2526 2219 Ruffia
2592 2126 2972 2237 obuiam,

321 2258 461 2345 diu
522 2256 856 2345 dubitaui
888 2326 916 2370 ,
1006 2274 1170 2371 qno
1256 2252 1643 2344 referrem.
1772 2250 2003 2341 Calix
2072 2254 2449 2368 aliquanto
2542 2253 2971 2368 squamosus

319 2381 665 2472 lactuca
724 2384 1105 2474 accensere
1158 2382 1366 2505 iubet
1398 2448 1427 2492 ‚
1521 2384 1647 2471 sed
1706 2383 1972 2498 stipitis
2005 2449 2032 2492 ,
2065 2490 2068 2491 f
2098 2405 2441 2469 coronae
2477 2383 2817 2495 pilorum
2882 2399 2974 2471 et

314 2510 737 2596 cemimus
794 2515 876 2595 in
937 2535 1212 2622 genere
1273 2510 1607 2596 lae'tucae
1672 2511 1989 2594 interiiei
2016 2507 2216 2594 soliti
2238 2574 2265 2616 ‚
2314 2508 2639 2595 absentia
2674 2509 2976 2597 {bncho

314 2634 596 2747 magis
641 2632 957 2721 affinem
1019 2634 1226 2719 ficit.
1291 2635 1528 2750 Quod
1559 2633 1771 2716 enim
1805 2634 1903 2716 ad
1936 2629 2263 2741 figmam
2342 2631 2726 2717 seminum
2794 2633 2976 2720 atti-

193 2856 198 2864 ,
317 2780 523 2873 net,
585 2764 883 2876 vtriqoe
940 2760 1206 2873 generi
1267 2758 1632 2872 patiiure
1688 2754 2145 2843 adstribitur.
2276 2757 2547 2878 Qum
2612 2784 2974 2850 veroca.

320 2893 442 2981 lix
503 2890 824 2976 nonita
884 2882 1310 3002 iquamofiu
1367 2884 1522 2997 fit,
1583 2902 1674 2970 vt
1737 2885 1820 2969 in
1885 2883 2223 2971 laeuae
2285 2911 2568 3000 genere
2628 2889 2976 3002 obtinet,

323 3017 451 3107 sed
515 3021 772 3131 potius
831 3017 1124 3104 medius
1215 3011 1310 3100 fit
1370 3013 1569 3099 inter
1626 3009 2972 3128 filuamofinnetfimplicemmota

325 3173 476 3262 que
537 3168 588 3230 a
652 3141 904 3260 stipite
937 3210 964 3254 ‚
1023 3142 1195 3256 pilis
1257 3159 1342 3228 et
1397 3138 1682 3236 semini¹
1729 3140 2127 3227 interiecto
2160 3204 2186 3247 ,
2252 3160 2507 3229 eareat
2538 3209 2565 3253 ‚
2661 3164 2974 3236 naturae

324 3297 464 3364 me
521 3275 835 3389 propius
925 3269 1380 3360 aoeeffimnn
1456 3268 1772 3362 indicaui
1801 3334 1830 3378 ‚
1906 3269 2221 3384 quando
2274 3270 2369 3358 ad
2435 3269 2809 3362 ibnchum
2842 3298 2967 3363 re·
3076 3279 3079 3286 ’

451 3531 715 3622 Radix
771 3526 1081 3619 infirma
1140 3526 1288 3617 esse
1335 3525 1643 3617 ‘videtur
1672 3595 1700 3639 ‚
1763 3526 2159 3643 paucisque
2193 3526 2402 3617 fibris
2430 3530 2700 3648 stipata
2735 3561 2765 3649 ;
2806 3534 2969 3628 Re-

332 3657 454 3776 pit
514 3679 776 3746 tamen
832 3656 1250 3773 longiffime
1283 3724 1310 3768 ‚
1368 3659 1572 3775 quod
1633 3660 1715 3745 in
1779 3656 2018 3742 hortis
2075 3683 2259 3744 cum
2321 3659 2615 3748 'damno
2659 3665 2791 3748 suo
2822 3686 2967 3751 ex·

333 3788 775 3903 perientur,
833 3792 962 3903 qui
1021 3786 1390 3875 culturam
1450 3788 1609 3876 eins
1668 3783 2133 3899 firstipientes
2186 3786 2369 3874 vafis
2425 3812 2589 3876 non
2649 3794 2964 3877 eoe‘ree-

316 3917 536 4005 bunt.

453 4042 711 4135 Cauiis
764 4071 813 4134 a
875 4044 1073 4160 pede
1131 4043 1232 4132 ad
1293 4059 1452 4132 tres
1503 4031 1806 4132 cubitos
1857 4041 2244 4132 altitudine
2274 4046 2575 4158 variat,
2633 4046 2966 4162 snmplex

327 4173 757 4288 interdum,
818 4173 1033 4289 saepe
1093 4176 1332 4260 etiam
1397 4198 1446 4259 a
1505 4176 1762 4260 media
1828 4192 2039 4288 parte
2097 4173 2433 4262 ramoffls
2493 4176 2661 4287 est,
2729 4176 2965 4262 ramis

327 4305 428 4389 ad
495 4302 1014 4398 summitatem
1076 4328 1315 4417 Vsque
1376 4302 2031 4417 pertingentibus,
2094 4327 2244 4416 pro
2326 4304 2621 4391 ratione
2711 4305 2968 4390 altitu·

326 4431 521 4518 dinis
580 4430 883 4518 craffior
931 4451 1063 4524 aut
1124 4431 1561 4544 humilior,
1649 4432 1973 4548 viridis,
2065 4447 2194 4520 aut
2255 4430 2579 4546 liuidus,
2654 4449 2782 4520 aut
2840 4454 2965 4518 m·

322 4557 507 4650 bens
538 4625 566 4675 ‚
627 4560 910 4678 glaber·

1532 4686 1610 4780 Β
1671 4715 1723 4771 2
2732 4686 2955 4781 Folia
