4378 5721
1143 603 1937 699 AGGREGATAE.
2711 632 2760 682 2
2777 632 2816 683 1
2838 631 2880 686 1

774 827 1119 947 Scabiqsa
1177 837 1616 947 fflinarm
1675 850 1999 932 vAlLL,
2055 826 2203 918 αέῖ.
2288 849 2558 934 1722.

765 957 1122 1076 Scabiosa
1183 969 1395 1052 caule
1462 982 1537 1052 et
1578 966 1793 1084 foliis
1829 951 2273 1078 subhirfidis
2310 1029 2333 1069 ,
2394 967 2560 1049 imis
2622 965 2896 1072 ouatis,

864 1087 1354 1204 superioribus
1397 1087 1906 1208 semipinnatis
1968 1111 2262 1187 HALL.
2315 1093 2400 1180 H
2401 1091 2544 1180 clv.
2609 1099 2826 1196 669.

996 1214 1061 1329 j.
1136 1223 1361 1307 Foliis
1421 1227 1770 1308 omnibus
1836 1226 2160 1334 integris,

926 1341 1034 1464 jj.
1109 1351 1448 1435 Floribus
1511 1353 1958 1436 rubicundis,

388 1482 469 1565 A
528 1481 730 1568 Iaico
759 1477 974 1564 Irtim
1009 1476 1251 1562 verius
1286 1479 1597 1563 nastitur
1629 1535 1656 1581 ‚
1730 1481 1819 1563 ad
1869 1475 1957 1566 V
1950 1485 2095 1565 ium
2133 1545 2155 1584 ,
2195 1473 2442 1593 [fetum
2477 1497 2627 1566 etc.
2681 1478 2899 1565 Irtim

270 1627 521 1693 tamen
609 1634 766 1693 non
837 1609 1156 1716 attingit.
1290 1604 1387 1690 B.
1422 1621 2145 1700 ME‘sSERSOEMm
2181 1613 2415 1694 etiam
2456 1613 2530 1692 in
2584 1611 2774 1692 aruis
2806 1611 2901 1693 ad

274 1738 617 1847 ingvdam
634 1806 656 1846 ,
727 1730 1108 1819 Schilcam
1171 1754 1246 1817 et
1282 1735 1684 1845 Vrulengui
1748 1736 2011 1819 fluuios
2044 1738 2683 1823 transbaicalenses
2717 1763 2898 1847 pro-

272 1869 512 1950 venire
604 1865 846 1950 scribit
882 1930 905 1970 ,
971 1889 1111 1946 nos
1174 1883 1433 1948 tamen
1513 1865 1601 1947 iis
1680 1863 1763 1946 in
1834 1865 2013 1948 locis
2091 1865 2526 1978 sequentem
2599 1885 2898 1948 tantum

270 1991 587 2103 speciem
624 1991 985 2078 vidimus.

372 2213 462 2288 4.
534 2183 1071 2273 SCABIOSA
1137 2183 1513 2271 corollulis
1590 2183 2079 2296 quinquefidis
2113 2255 2136 2296 ,
2198 2185 2391 2269 foliis
2467 2185 2904 2271 radicalibus

628 2319 873 2400 ornatis
910 2383 933 2423 ,
970 2316 1284 2401 crenatis
1320 2380 1343 2419 ‚
1407 2314 1728 2400 caulinis
1778 2317 2101 2424 pinnatis
2179 2316 2474 2400 ietaceis
2541 2303 2778 2409 isslNN.
2821 2311 2904 2399 h.

634 2439 843 2553 Cliffi
923 2466 1065 2538 31.
1150 2461 1387 2537 ROY.
1448 2461 1574 2552 Pr.
1655 2455 1855 2541 189.

755 2561 1110 2677 Scabiosa
1170 2566 1479 2679 capitulo
1522 2559 1801 2674 globoso
1856 2569 2090 2648 maior
2155 2567 2255 2651 Β.
2315 2572 2453 2677 pin
2542 2589 2743 2670 270.

586 2725 591 2730 ’
757 2685 1110 2814 Scabiqsa
1191 2698 1422 2790 minor
1509 2686 1573 2802 s.
1659 2690 2096 2776 colmbaria
2180 2707 2403 2794 LOB,
2487 2698 2579 2780 ic.
2689 2719 2732 2798 5
2752 2716 2798 2795 3
2814 2716 2899 2799 ς..

882 2847 985 2904 ex
1047 2834 1281 2912 DOD..

754 2942 1108 3059 Scabiqsa
1172 2953 1406 3032 minor
1486 2943 1820 3056 vulgaris
1892 2943 1962 3029 Ι.
2036 2942 2130 3029 B.
2197 2946 2350 3033 ΙΙΙ.
2419 2979 2497 3061 p.
2576 2976 2657 3051 3.

766 3074 1376 3193 Astnocephalus
1409 3076 1743 3187 {vulgaris
1765 3140 1787 3183 ,
1802 3075 2005 3187 flore
2035 3076 2360 3161 caeruleo
2391 3094 2707 3175 VAILL.
2742 3083 2897 3170 aci.

898 3225 1159 3304 1722.

764 3329 1373 3451 Asterocephalus
1430 3329 1650 3451 soliis
1733 3332 1847 3416 ad
1916 3344 2208 3418 terram
2289 3332 2610 3421 oualibus
2648 3401 2670 3442 ,
2729 3330 2902 3450 ser-

894 3468 1093 3548 ratis
1111 3530 1134 3570 ,
1199 3461 1310 3547 ad
1336 3460 1608 3548 caulem
1621 3463 2008 3579 pinnatis,
2073 3465 2571 3580 angtgstiffimis
2603 3482 2900 3573 HALL,

1013 3590 1246 3677 Helv.
1320 3597 1442 3671 66
1458 3604 1531 3676 8.

993 3710 1065 3831 j.
1134 3718 1442 3806 Eadem
1508 3702 1817 3804 floribus
1880 3718 2088 3804 albis.

384 3918 699 4005 Flosculi
762 3914 1054 4004 externi
1120 3910 1548 4023 irregulares
1573 3977 1595 4018 ,
1661 3913 1985 3996 maiores
2017 3977 2042 4021 ,
2103 3937 2339 4025 quam
2419 3914 2755 4023 interni,
2815 3912 2901 3999 hi

267 4046 339 4127 in
398 4053 725 4160 quinque
787 4048 941 4131 fere
1000 4041 1338 4154 aequales
1400 4041 1698 4124 lacinias
1765 4040 2040 4151 pallide
2089 4040 2647 4127 caerulescentes
2696 4043 2897 4129 (esti.

269 4173 540 4281 Apices
614 4176 1013 4261 staminum
1097 4197 1141 4253 e
1204 4168 1552 4253 violaceo
1618 4169 2148 4279 purpurascuut
2186 4237 2210 4279 ,
2273 4173 2566 4280 puluere
2601 4170 2902 4256 excuss‘o

269 4300 532 4384 albent.
628 4303 992 4387 Pistillum
1057 4326 1157 4384 ex
1219 4298 1513 4381 clauato
1576 4301 1995 4407 capitatum
2064 4301 2196 4382 est.
2280 4297 2560 4392 Semen
2629 4298 2896 4406 paffim

271 4424 618 4515 hirsutum
660 4498 682 4537 ,
749 4434 1067 4542 quinque
1149 4428 1394 4536 longis
1451 4426 1778 4535 apicibus
1808 4447 2251 4511 coronatum
2288 4493 2310 4531 ,
2378 4426 2593 4509 theca
2633 4426 2902 4513 hirsuta

273 4554 720 4669 inuoluitur,
782 4557 993 4671 supra
1025 4559 1108 4644 in
1154 4556 1418 4642 folium
1454 4555 1857 4640 rotundum
1893 4558 2571 4645 membranaceum
2601 4622 2631 4664 ‚
2695 4547 2903 4642 mar-

1393 4680 1662 4776 Dd2
2718 4688 2896 4801 §oe
