4378 5721
1267 606 1510 704 XIV
1948 651 1955 654 ·
2219 604 2886 704 PRAEFATIO

1261 834 1625 954 etiam
1694 768 2237 958 Cdcaliam
2317 827 2864 956 referunt.
3034 826 3267 954 Sed
3354 835 3711 995 qualis
3787 862 3922 960 et

1270 995 1703 1166 quanta
1743 1010 1863 1127 in
1905 1001 2448 1130 struRura
2489 996 2901 1128 florum
2925 1003 3390 1167 ‚quibus
3428 1004 3926 1130 diuersae

1016 1189 1023 1190 *
1268 1175 1849 1338 gaudent·
1928 1177 2345 1344 species
2401 1267 2442 1321 ,
2528 1172 3187 1298 diuersitas}
3318 1176 3920 1323 Qaedam

1136 1435 1139 1436 ff
1266 1343 1786 1480 flosculos
1865 1343 2253 1470 ferunt
2345 1344 3339 1514 hermaphroditas
3431 1346 3926 1469 infundi-

1265 1516 2010 1668 buliformes5
2120 1541 2252 1640 et
2336 1510 2843 1639 femellas
2919 1520 3499 1685 ligulam,
3630 1520 3919 1642 aliae

1268 1683 1786 1813 flosculos
1836 1730 2246 1813 omnes
2334 1685 3318 1859 hermaphroditas
3426 1685 3916 1812 infundi-

1271 1858 1929 1984 buliffirmes
1960 1960 1995 2008 ‚
2125 1865 2405 1983 aliae
2565 1853 3076 1983 flosculos
3202 1857 3920 2022 infundibuli-v

1266 2028 1694 2154 formes
1836 2071 2239 2156 omnes
2298 2125 2335 2178 ,
2467 2025 2656 2152 sed
2787 2030 3344 2195 quosdam
3474 2032 3927 2153 herma-

1260 2201 1855 2368 phroditas
1898 2299 1934 2352 ,
2023 2205 2295 2327 alios
2336 2225 2465 2324 et
2547 2196 3053 2325 femellas
3092 2297 3131 2348 ‚
3218 2205 3496 2323 aliae
3590 2200 3920 2324 deni-

1261 2411 1493 2531 que
1543 2369 2055 2508 flosculos
2121 2369 3105 2539 hermaphroditas
3189 2367 3913 2497 infundibuli-

1261 2539 1692 2665 formes
1733 2642 1768 2696 ,
1815 2571 1944 2666 et
2004 2541 2514 2667 femellas
2551 2546 3074 2706 apetalas.
3216 2545 3423 2666 An
3470 2584 3706 2664 non
3790 2547 3910 2664 in.

1170 2849 1190 2863 l
1265 2713 1842 2836 methodo
1925 2712 2342 2836 exafila
2445 2716 2788 2878 primi
2903 2717 3356 2875 generis
3451 2717 3910 2878 platitae
3977 2715 3982 2722 ’

1266 2888 1674 3007 melius
1721 2881 2421 3005 referrentur
2460 2878 2606 3002 ad
2646 2884 2730 3009 S
2733 2876 3347 3050 olidaginem
3390 2906 3517 3006 et
3601 2884 3912 3047 Aste-
3983 2910 3988 2915 ’

1265 3095 1494 3179 rem
1544 3147 1582 3199 ,
1676 3053 2129 3176 secundi
2223 3050 2367 3173 ad
2424 3049 3273 3215 Chrysocomam,
3383 3060 3701 3177 tertii
3785 3082 3916 3180 et

1264 3230 1647 3388 quarti*
1692 3221 1834 3346 ad
1890 3225 2476 3383 Conyzam3
2559 3227 2845 3345 Sane
2921 3267 3082 3347 ex
3122 3219 3671 3349 struaura
3711 3221 3916 3352 flo-

1254 3438 1522 3518 rum
1571 3421 1697 3517 et
1739 3392 2313 3518 stufhmm
2401 3394 2680 3516 nihil
2716 3394 3010 3517 aliud
3069 3399 3377 3556 sequi
3405 3394 3902 3523 videtur.

1266 3569 1741 3691 Tamen
1776 3566 2277 3689 adcurati
2318 3571 2674 3687 etiam
2700 3563 3458 3690 methodistae
3480 3562 3910 3726 Tuffila-

1262 3746 1546 3905 ginis
1627 3741 1818 3861 vel
1926 3730 2505 3894 Petff'tidis
2610 3742 3082 3859 nomine
3195 3778 3602 3859 omnes
3708 3743 3908 3862 has

1277 3913 1714 4201 pffintas
1752 3908 2561 4108 {nsigniuntssln
2606 3907 3176 4108 methodo
3217 3950 3455 4200 ηὲη
3500 3906 3908 4199 Γυὲἴιείι·

1271 4118 1338 4200 a
1470 4104 1959 4226 rmano,
2068 4105 2586 4203 naturam
2647 4120 2839 4200 lun
3004 4120 3195 4224 re,
3364 4120 3510 4201 oc
3582 4127 3619 4200 1
3701 4125 3901 4205 em
3970 4200 3974 4207 .

1254 4247 1435 4373 est
1479 4345 1517 4397 ,
1606 4293 1740 4394 ac
1786 4251 1866 4375 fi
1923 4250 2356 4374 diceres
2446 4118 2996 4375 habitug1e
3042 4248 3256 4373 effe
3352 4249 3896 4372 eundem.

1059 4512 1063 4517 .
1258 4423 2281 4572 Obseruationibus
2372 4418 3205 4604 explorandum
3302 4417 3468 4549 est
3496 4518 3537 4575 ,
3623 4420 3902 4582 quid

3617 4593 3899 4739 illud
