4378 5721
665 678 674 683 ⁰
848 640 989 731 IV
989 707 1008 727 .
1076 632 1635 733 FLORIBVS
1700 635 2284 733 RADIATIS.
2740 654 2933 741 183·

266 885 532 959 exeunt
565 939 587 981 ‚
649 869 1111 982 pedunculos
1173 876 1564 988 proferunt
1627 871 1957 958 vnciales
2019 891 2099 957 et
2162 871 2347 959 duas
2414 885 2707 986 tresque
2774 897 2918 957 vn-

263 1006 403 1087 cias
456 1003 722 1110 longos
757 1069 782 1109 ,
846 1000 1162 1089 hirsutos
1196 1072 1222 1115 ,
1297 1031 1463 1088 vno
1523 1023 1605 1087 et
1675 1006 1921 1087 altero
1980 1004 2244 1087 lineari
2319 1001 2588 1086 foliolo
2624 1069 2648 1110 ‚
2748 1002 2919 1086 stitis

261 1130 542 1240 hispido
582 1198 605 1239 ,
706 1130 961 1213 auctos
995 1198 1020 1238 ,
1120 1138 1245 1246 qui
1315 1156 1424 1219 'vt
1488 1154 1571 1219 et
1632 1132 1861 1220 caulis
1922 1150 1999 1214 et
2063 1156 2462 1217 ramorum
2558 1149 2913 1217 extrema

261 1250 536 1370 singulis
603 1257 899 1342 floribus
962 1264 1484 1349 terminantur.

377 1386 597 1473 Calix
666 1388 947 1499 duplici
993 1391 1186 1477 serie
1241 1393 1682 1477 foliolorum
1740 1412 1977 1501 aeque
2035 1386 2447 1497 longorum
2531 1389 2917 1501 compost·

257 1535 361 1601 tus
393 1585 415 1624 ,
481 1515 1118 1628 hemisphaericuS
1181 1522 1288 1605 est
1326 1589 1349 1630 ,
1410 1539 1488 1605 et
1549 1520 1726 1605 albis
1762 1588 1787 1628 ,
1845 1517 2065 1603 restis
2096 1582 2121 1622 ,
2224 1515 2580 1601 mollibus
2616 1586 2638 1627 ,
2737 1518 2913 1628 pilis

253 1643 597 1757 hispidus.
734 1648 1018 1735 Radius
1085 1650 1548 1737 breuiffimus
1628 1650 1898 1759 triplici
1965 1646 2141 1729 Ierie
2243 1644 2912 1731 semiflosculorum

254 1772 727 1859 femellamm
796 1775 948 1858 fere
1014 1776 1596 1864 lanceolatorum
1661 1777 2037 1863 conflatur
2073 1839 2098 1881 ,
2158 1773 2395 1859 discus
2430 1794 2689 1860 autem
2728 1800 2914 1858 con-

250 1927 481 1988 vexus
515 1968 539 2012 ,
601 1902 994 1988 flauestens
1027 1972 1050 2013 ,
1122 1911 1338 1993 radio
1397 1908 1649 1992 multo
1709 1906 1935 1989 latior
1972 1970 1996 2011 ‚
2055 1902 2391 1987 flosculos
2489 1888 2916 2015 quinquefi-

250 2030 378 2115 dos
441 2034 813 2116 continet.
943 2031 1151 2119 Illius
1210 2035 1494 2122 semina
1552 2036 1943 2149 aliquanto
2006 2029 2285 2125 hirsuta
2328 2091 2355 2139 ‚
2423 2034 2625 2116 nuda
2685 2028 2848 2116 sunt
2886 2093 2919 2143 ,

244 2156 453 2243 huius
516 2166 798 2244 corona
863 2161 1199 2271 pilorum
1267 2167 1554 2252 onusta.

363 2285 462 2370 In
533 2288 766 2373 horto
851 2290 1168 2377 Medico
1233 2295 1358 2379 sub
1423 2296 1724 2379 initium
1825 2291 1999 2379 Iulii
2060 2289 2373 2400 floruit,
2440 2290 2576 2378 vbi
2638 2316 2741 2378 ex
2801 2290 2917 2375 st:-

241 2415 576 2499 minibus
655 2420 735 2497 in
801 2421 880 2500 V
884 2426 1174 2506 crainia
1240 2426 1446 2508 lestis
1480 2425 1856 2505 succreuit.

361 2540 571 2624 Non
638 2543 966 2649 pertinet
1027 2536 1239 2628 vmea
1339 2550 1695 2628 sententia
1760 2550 1855 2627 ad
1920 2548 2187 2660 asteres
2230 2609 2253 2648 ,
2315 2544 2434 2625 sed
2504 2547 2756 2651 potius
2818 2550 2915 2630 ad

237 2670 585 2754 doronlca
620 2733 643 2768 ‚
712 2669 806 2752 ad
869 2696 1057 2781 quae
1123 2691 1384 2753 tamen
1448 2671 1719 2753 referre
1760 2673 1988 2764 ,nolui
2029 2732 2050 2772 ,
2123 2694 2221 2749 ne
2289 2670 2646 2751 nouitatis
2702 2673 2917 2758 studii

237 2797 462 2881 nimis
532 2796 938 2881 infimuler.
1074 2793 1365 2884 Saltem
1430 2798 1838 2910 descriptio
1897 2798 2201 2911 plantae
2275 2796 2661 2882 neceflitria
2770 2801 2917 2888 visa

251 2925 445 3033 fflit,
518 2943 596 3008 et
661 2927 864 3008 icon.

379 3072 585 3156 150.
659 3052 1027 3141 ASTER
1101 3053 1296 3141 foliis
1389 3057 1839 3164 linearibuS,
1933 3051 2254 3159 scabris,
2359 3053 2911 3170 obtusiusculiS,

620 3185 830 3266 caule
892 3183 1454 3291 ramofiffimO,
1522 3185 1827 3267 floribus
1891 3183 2099 3294 fitepe
2203 3181 2626 3266 vmbellatis
2708 3186 2911 3276 Tab

632 3308 1035 3396 LXXIX.
1107 3313 1429 3440 Fig.1.
1697 3366 1714 3374 -

650 3435 688 3527 ζ
753 3436 974 3553 Aster
1035 3441 1304 3553 tripolii
1345 3444 1609 3552 flore,
1675 3437 2033 3555 angzsszff
2032 3464 2144 3526 mo
2206 3452 2279 3523 et
2347 3444 2625 3550 tenuzff
2624 3467 2735 3528 mo
2774 3445 2910 3564 fo-

657 3623 661 3627 Δ
886 3565 980 3652 lio
1041 3579 1398 3660 BOERH.
1450 3569 1725 3680 Lugdb·
1804 3575 1952 3672 96.

752 3693 978 3816 Aste'r
1034 3696 1348 3808 pumilus
1384 3765 1406 3804 ,
1491 3700 1772 3812 argzfio
1831 3696 2181 3793 ‘linariae
2261 3697 2445 3814 jblio
2486 3766 2507 3806 ‚
2584 3702 2910 3814 floribus

879 3828 1165 3933 magnis
1230 3825 1582 3912 caeruleis
1648 3848 1894 3924 ΑΜΜ,
1944 3829 2182 3918 Ruth.
2258 3854 2307 3908 2
2327 3839 2467 3911 16.

986 3947 1053 4066 j.
1131 3950 1357 4037 Idem
1427 3955 1734 4043 floribus
1793 3960 2003 4044 albis.

927 4074 970 4195 3
970 4110 1040 4195 J
1113 4079 1337 4167 Idem
1436 4087 1764 4173 caulibus
1877 4085 2315 4171 tenuiffimis
2352 4153 2375 4194 ,
2493 4087 2906 4201 foliolisque

1262 4210 1481 4296 deust:
1514 4218 1869 4326 congestis
1921 4217 2121 4299 Tab.
2163 4214 2558 4302 LXXIX.
2611 4219 2777 4328 Fig.
2824 4245 2907 4302 2.

1121 4369 1122 4372 ‘
1399 4368 1476 4422 1.
1547 4340 1911 4454 Capitulis
1960 4344 2419 4429 maioribus,

1548 4468 1918 4584 Capitulis
1991 4475 2260 4583 paruis.

881 4589 1038 4718 333.
1095 4596 1320 4692 Idem
1355 4600 1726 4690 εαιιΙίὺιι5
1747 4601 2180 4693 temiffimis
2210 4601 2483 4690 foliolis
2513 4602 2729 4720 spars
2732 4634 2792 4692 5

2807 4734 2905 4821 In
