4378 5721
1859 582 1867 591 ,
2083 577 2093 589 ο
2142 576 2165 593 s*
2222 586 2227 589 .
2236 574 2251 584 '
2327 578 2337 589 o
2369 581 2380 590 ι
2404 578 2414 590 a
2462 574 2471 584 0
2518 572 2545 588 -“
2628 576 2638 588 ¹

463 615 539 645 ·.·
554 602 570 628 ³
582 616 613 650 .·
628 594 688 630 ·“’
703 598 764 650 >22:-
776 591 836 649 2⁸2²
853 595 912 650 564·
935 567 1291 660 :sm
1379 587 1437 642 ·2221·
1453 585 1506 643 ·10'2‘
1521 566 1669 654 Μ
1726 604 1738 625 -·
1758 580 1818 639 ἢέῑ·
1834 590 1892 640 ³2:2-
1984 581 2044 639 ³52:-
2059 584 2120 637 δεῖ·
2133 580 2186 635 nes
2438 579 2500 632 ἐς·
2512 590 2571 629 ·2:
2587 589 2629 631 πῆ

874 996 1832 1149 AGGREGA'
1866 998 1939 1141 I
1962 996 2286 1142 ἈΒ

388 1338 461 1397 1·
528 1184 732 1415 D
738 1320 1179 1418 IPSACUS
1243 1329 1586 1439 capitulis
1645 1325 1926 1411 florum
1995 1324 2268 1409 ovatis.

867 1450 1234 1570 Dipsacus
1274 1457 1459 1572 solio
1545 1456 1884 1541 laciniato
1944 1453 2039 1539 Β.
2102 1456 2259 1566 pin.
2325 1471 2370 1549 3
2392 1462 2435 1537 8
2453 1466 2495 1549 ς
2514 1513 2531 1528 .

871 1579 1242 1699 Dipsas-us
1273 1580 1642 1701 spluestris
1680 1584 1864 1703 solio
1910 1584 2249 1669 laciniato
2293 1583 2361 1668 I.
2404 1579 2498 1665 B.
2541 1573 2692 1663 111.
2738 1592 2791 1676 7
2808 1593 2850 1676 ς
2869 1636 2888 1655 .

380 1718 643 1805 Radix
705 1714 940 1823 rigida
982 1780 1007 1821 ‚
1075 1719 1254 1799 dura
1289 1782 1313 1823 ,
1375 1718 1541 1800 alba
1575 1782 1599 1822 ,
1666 1714 1863 1798 resta
1901 1779 1924 1816 ,
2008 1712 2470 1823 semipedalis
2507 1777 2528 1817 ‚
2593 1705 2833 1791 tenuis
2869 1766 2893 1808 ,

265 1843 513 1954 rigidis
582 1844 793 1928 fibris
830 1908 854 1950 ‚
914 1841 1041 1927 sub
1111 1844 1419 1956 obliquo
1484 1845 1765 1950 angulo
1827 1843 2269 1928 exeuntibus
2307 1908 2329 1947 ,
2395 1864 2552 1922 non
2613 1836 2891 1919 admo-

264 1974 441 2056 dum
509 1972 769 2057 multis
808 2034 833 2075 ‚
908 1970 1281 2056 fibrillofis
1314 2039 1338 2078 ,
1397 1968 1801 2057 secundum
1875 1972 2430 2082 longitudinem
2495 1965 2742 2050 πᾶα.

379 2098 645 2186 Caulis
709 2123 1008 2211 pennae
1070 2099 1437 2184 anserinae
1519 2101 1824 2186 crassitie
1861 2167 1885 2206 ,
1983 2100 2404 2184 admodum
2472 2096 2753 2204 rigidus
2822 2102 2904 2174 et

259 2228 515 2336 duruS,
557 2231 744 2314 duos
782 2247 861 2310 et
897 2230 1087 2312 duos
1118 2254 1295 2312 cum
1333 2230 1661 2315 dimidio
1699 2231 1989 2315 cubitos
2022 2233 2208 2312 altus
2247 2290 2270 2330 ‚
2307 2228 2381 2309 in
2416 2243 2689 2308 exortu
2725 2243 2894 2329 per-

257 2358 557 2463 multis,
628 2357 879 2465 postea
943 2358 1342 2440 rarioribus
1377 2424 1401 2463 ,
1470 2361 1721 2469 rigidis
1756 2426 1777 2465 ,
1839 2359 2181 2440 breuibus
2217 2423 2241 2462 ,
2307 2355 2489 2438 albis
2547 2352 2713 2460 pilis
2744 2347 2901 2430 hir-

251 2483 441 2567 firtus
482 2549 509 2591 ,
580 2502 710 2563 aut
778 2485 1024 2589 potius
1083 2484 1483 2565 tuberculis
1520 2550 1543 2589 ,
1613 2485 2022 2565 acutiffima
2122 2484 2326 2587 spina
2425 2474 2842 2558 terminatis
2875 2540 2900 2582 ,

250 2611 456 2721 asper
496 2676 523 2716 ,
594 2608 741 2691 leui
806 2608 1159 2690 rubedine
1223 2606 1374 2689 fere
1435 2609 1530 2692 ad
1593 2608 2007 2693 dimidium
2084 2630 2315 2716 vsque
2347 2605 2620 2691 tinctus
2654 2669 2677 2712 ,
2744 2620 2915 2686 tum

258 2738 534 2849 pallide
598 2737 855 2819 viridis
888 2801 912 2841 ,
976 2735 1297 2845 quinque
1361 2752 1484 2818 aut
1545 2733 1671 2819 {ex
1735 2736 2090 2819 foliorum
2156 2736 2460 2844 paribus
2552 2733 2854 2818 vestitus
2888 2794 2914 2836 ,

261 2891 416 2949 non
482 2865 956 2973 computatis
1019 2864 1309 2946 duobus
1370 2866 1690 2947 tribusne
1753 2859 2212 2947 inferioribus
2277 2866 2571 2975 paribus
2603 2930 2627 2973 ‚
2727 2885 2920 2971 quae

265 2994 388 3078 firb
490 2995 796 3077 initium
866 2991 1189 3100 Augusti
1253 2993 1411 3073 iam
1519 3013 1985 3076 exaruerant.
2129 2992 2496 3077 Inferiora
2563 2991 2742 3076 solia
2807 3011 2910 3073 ex

265 3140 505 3206 ouato
584 3118 1000 3205 lanceolata
1041 3185 1065 3225 ,
1132 3119 1410 3204 sinuata
1450 3182 1474 3222 ,
1537 3119 1800 3205 serrata
1836 3188 1860 3230 ‚
1959 3122 2336 3233 superiora
2419 3123 2668 3208 multo
2734 3142 2918 3227 pro—

268 3248 562 3335 fimdius
627 3248 973 3333 laciniata
1009 3312 1031 3351 ,
1098 3246 1392 3331 formae
1454 3251 1712 3332 variae
1751 3319 1774 3358 ‚
1840 3251 2102 3335 lacinia
2172 3272 2525 3337 extrema
2624 3254 2921 3336 lanceo-

262 3378 411 3462 lata
451 3447 474 3486 ,
544 3380 815 3463 omnia
882 3376 1166 3459 basibus
1225 3377 1504 3461 iuncta.
1639 3379 1769 3464 Ex
1833 3381 2270 3466 inferiorum
2371 3382 2726 3467 foliorum
2793 3385 2926 3467 alis

266 3510 578 3590 minora
648 3506 950 3589 subinde
1013 3502 1186 3588 folia
1223 3570 1247 3611 ,
1307 3531 1405 3589 ex
1469 3505 1603 3591 alis
1664 3531 1919 3591 autem
1990 3513 2313 3595 duorum
2420 3513 2744 3595 triumue
2811 3510 2921 3597 su-

266 3636 675 3745 periorum
743 3634 1002 3743 singuli
1067 3636 1463 3743 pedunculi
1526 3635 1957 3721 enascuntur
2022 3642 2513 3750 semipedales
2548 3706 2572 3746 ,
2674 3640 2924 3724 tuber-

265 3766 452 3847 culis
520 3765 767 3847 etiam
835 3761 1134 3871 spinosis
1192 3762 1541 3872 horridi,
1603 3769 1680 3848 in
1740 3769 2005 3849 tertia
2000 3771 2439 3853 altitudinis
2534 3787 2741 3878 parte
2804 3768 2921 3853 fo-

268 3889 630 3999 liorum,
697 3890 996 3973 caulinis
1063 3891 1453 3976 minorum
1498 3895 1749 4004 ‚pari
1816 3894 2168 3981 instruc‘ti.

398 4022 729 4104 Horum
798 4039 874 4100 et
934 4021 1157 4103 caulis
1212 4042 1569 4106 extremo
1646 4023 1921 4132 lingula
1982 4027 2301 4136 capitula
2339 4025 2652 4109 insident
2688 4092 2710 4132 ‚
2771 4029 2930 4111 fere

274 4150 560 4265 exacte
601 4166 869 4251 ouata,
907 4147 1258 4231 soliorum
1300 4150 1738 4259 minorum,
1792 4154 2181 4238 linearium
2222 4223 2243 4263 ‚
2297 4155 2579 4265 spinose
2647 4159 2931 4240 ciliato·

275 4300 447 4360 rum
473 4344 497 4383 ,
520 4282 682 4359 fere
718 4276 1092 4359 restorum
1117 4343 1139 4382 ,
1177 4281 1583 4388 capitulum
1625 4280 1819 4365 haud
1856 4287 2352 4392 superantium
2375 4350 2397 4390 ,
2437 4284 2637 4365 vallo
2674 4289 2766 4368 ad
2804 4285 2936 4369 ba·

274 4403 396 4611 {in
462 4405 764 4488 munita
804 4469 828 4512 ,
893 4407 1154 4515 quibus
1217 4406 1413 4491 foliis
1472 4409 1769 4518 glumae
1834 4412 2279 4524 receptaculi
2343 4412 2560 4524 plane
2656 4412 2937 4498 similes

307 4551 474 4615 unt.

348 4660 570 4749 Flor.
678 4661 913 4748 Sibir.
950 4662 1162 4750 Tom.
1200 4663 1308 4748 ιι.
1671 4662 1759 4750 D
1791 4664 1842 4747 d
2699 4792 2704 4795 ¹
2807 4668 2941 4757 Ad
