4378 5721
1392 629 1516 710 68
2281 606 2407 751 lt.¹
2457 593 3138 703 ΟΑΡΙΤΑΤΑΕ.

1519 842 1786 937 Radix
1845 837 2268 930 aromatica
2305 907 2332 951 ‚
2394 840 2671 930 nodosa
2721 854 2757 952 ,‘
2844 841 3037 928 filsea
3095 858 3176 927 et
3237 838 3394 928 sere
3453 839 3662 955 nigra
3712 911 3742 955 ,
3840 839 4057 932 fibris

1313 1030 1321 1039 ·
1393 972 1858 1068 craffiustulis
1891 1039 1916 1085 ,
1987 972 2522 1087 nigricantibus
2552 1038 2580 1084 ,
2640 969 3054 1059 vncialibus
3109 995 3187 1058 et
3244 973 3731 1060 biuncialibus
3825 974 4054 1088 stipa·

1397 1126 1547 1195 tur.
3419 1142 3424 1147 ·

1529 1232 1792 1339 Caulis·
1836 1258 1881 1320 a
1945 1231 2208 1319 cubito
2275 1231 2370 1316 ad
2440 1249 2587 1317 tres
2651 1231 2946 1317 cubitos
3003 1231 3193 1317 altus
3228 1295 3254 1339 ‚
3323 1233 3568 1317 tenuis
3596 1299 3622 1343 ,
3725 1218 3989 1319 firmus
4025 1295 4054 1339 ,

1369 1366 1664 1453 'leuiter
1761 1364 2050 1449 striatus
2086 1423 2113 1468 ‚
2219 1380 2424 1447 totus
2515 1361 2965 1474 plerumque
3029 1386 3076 1444 e
3144 1386 3524 1472 purpureo
3619 1360 3997 1446 violaceas
4026 1427 4056 1481 ‚

1377 1513 1531 1581 'aut
1596 1492 1853 1579 saltem
1921 1492 2111 1576 striis
2170 1492 2684 1576 eminentibus
2744 1488 2965 1577 huius
3020 1491 3296 1573 coloris
3357 1488 3741 1575 distinetus
3779 1556 3801 1595 ,
3880 1516 4055 1575 raro

1403 1641 1607 1710 totus
1666 1621 1927 1706 viridis
1962 1683 1987 1724 ‚
2049 1620 2414 1731 lanugine
2510 1617 2746 1731 spatia
2805 1619 3111 1711 cadida
3215 1617 3517 1703 vestitus
3551 1682 3576 1726 ‚
3678 1617 4059 1727 fastigium

1398 1752 1643 1838 versus
1700 1746 2032 1835 ramosus
2064 1813 2090 1858 ,
2154 1750 2455 1861 singulis
2548 1749 2787 1859 ramis
2842 1748 2926 1829 in
2995 1750 3258 1831 breues
3322 1764 3468 1831 tres
3501 1812 3525 1855 ,
3587 1766 3915 1857 quatuor
3977 1763 4058 1829 et

1401 1884 1730 1995 quinque
1793 1877 2256 1992 pedunculos
2317 1876 2837 1962 defluentibus.
2969 1875 3170 1961 Infra
3232 1875 3374 1960 hos
3453 1900 3715 1998 ramos
3809 1873 4065 1986 aliquo

1406 2010 1807 2096 interuallo
1870 2032 2060 2091 vnus
2119 2005 2532 2091 collocatur
2564 2073 2588 2116 ,
2653 2003 2912 2117 paullo
2969 2005 3274 2115 longior
3304 2069 3331 2113 ,
3392 2001 3668 2088 scilicet
3733 2002 4058 2089 biuncia-

1404 2137 1501 2228 lis
1554 2157 1636 2223 et
1695 2135 2095 2222 triuncialis
2127 2201 2152 2243 ,
2220 2136 2500 2220 eodem
2567 2136 2815 2219 modo
2877 2134 3163 2220 diuisus,

1539 2268 1754 2353 Folia
1812 2263 2025 2375 supra
2089 2263 2376 2348 intense
2443 2262 2970 2374 splendideque
3034 2262 3309 2347 viridia
3349 2328 3373 2371 ,
3434 2259 3700 2372 paffim
3758 2263 3842 2345 in
3895 2263 4063 2373 qui-

1401 2396 1720 2482 busdam
1787 2393 2067 2505 plantis
2127 2390 2574 2477 adhaerente
2643 2392 3004 2502 lanugine
3039 2455 3064 2501 ‚
3127 2389 3308 2475 infla
3375 2414 3421 2474 a
3473 2390 3834 2502 lanuginis
3894 2389 4063 2505 spis-

1399 2522 1519 2611 fie
1581 2523 1824 2636 specie
1888 2520 2206 2605 candida
2241 2586 2268 2629 ‚
2338 2520 2656 2630 pulchre
2717 2519 2994 2606 venosa
3028 2586 3053 2628 ‚
3123 2542 3231 2602 ex
3293 2538 3534 2604 ouato
3592 2519 3999 2606 lanceolata
4035 2584 4062 2628 ‚

1401 2650 1617 2765 fiepe
1679 2653 1762 2736 in
1826 2646 1981 2735 bafi
2039 2650 2507 2759 emarginata
2543 2713 2568 2751 ‚
2629 2646 2849 2758 saepe
2913 2652 3147 2735 etiam
3185 2647 3477 2759 integra
3512 2713 3536 2755 ,
3595 2649 3895 2734 ambitu
3945 2652 4060 2736 in·

1408 2784 1714 2869 terdum
1753 2845 1777 2890 ‚
1843 2776 1961 2864 sed
2021 2801 2193 2860 raro
2231 2841 2258 2885 ‚
2323 2775 2680 2860 vndulata
2744 2776 2899 2860 fine
2957 2772 3193 2890 crispa
3230 2840 3255 2885 ‚
3322 2776 3665 2864 radicalia
3729 2798 3809 2863 et
3875 2777 4065 2867 infe.

1408 2913 1608 2998 tiora
1672 2907 1903 2994 caulis
1981 2904 2281 2990 dentata
2347 2921 2427 2987 et
2484 2903 2936 2993 denticulata
2973 2973 2999 3016 ,
3062 2906 3415 2992 dentibus
3468 2910 3549 2993 in
3582 2908 3894 2995 breuem
3929 2909 4067 2995 de·

1407 3039 1792 3150 bilemque
1857 3031 2150 3144 spinam
2220 3031 2719 3120 desinentibus
2751 3101 2775 3144 ,
2837 3033 3212 3149 superiora
3309 3034 3624 3121 obscure
3719 3038 4070 3124 denticu-

1404 3168 1556 3255 lata
1616 3184 1697 3251 et
1760 3166 1914 3248 lere
1980 3161 2282 3269 integra
2316 3227 2341 3270 ,
2407 3161 2713 3250 linearia
2749 3229 2774 3275 ,
2831 3167 3215 3252 interdum
3283 3163 3635 3278 pleraque
3706 3169 3841 3252 vix
3874 3169 4075 3252 den-

1405 3314 1561 3382 tata
1595 3360 1625 3404 ‚
1684 3291 1949 3406 palmo
2006 3291 2306 3374 maiora
2345 3356 2370 3398 ,
2470 3292 2842 3403 palmaria
2881 3360 2907 3402 ‚
3005 3292 3408 3380 trinncialia
3470 3313 3553 3380 et
3618 3295 4004 3396 biuncialia
4035 3360 4074 3404 ,

1409 3424 1714 3538 petiolis
1771 3420 2039 3505 innixa
2102 3422 2353 3503 variae
2413 3420 2654 3505 etiam
2754 3424 3232 3534 longitudinis
3266 3487 3289 3528 ,
3384 3423 3487 3508 ab
3553 3448 3701 3508 vna
3762 3425 3855 3508 ad
3914 3443 4075 3507 (ιω

1408 3553 1666 3637 vncias
1699 3617 1724 3661 ,
1786 3549 2044 3662 prouti
2120 3545 2588 3657 superiorem
2657 3570 2795 3634 aur
2848 3550 3298 3637 inferiorem
3367 3539 3590 3635 litum
3673 3552 4066 3636 obtinent,

1533 3677 1887 3792 Capitnla
1943 3679 2022 3759 in
2085 3671 2381 3785 fastigiis
2444 3678 2926 3766 ramulorum
2961 3747 2986 3790 ,
3049 3684 3129 3765 in
3193 3701 3381 3791 quos
3442 3680 3736 3764 caulem
3822 3681 4070 3767 diuidi

1406 3830 1488 3898 et
1551 3808 1919 3895 subdiuidi
1977 3803 2142 3888 dixi
2177 3869 2203 3911 ,
2269 3804 2348 3886 in
2415 3806 2711 3916 fingulis
2774 3810 3056 3921 lingula
3091 3875 3123 3918 ,
3202 3806 3606 3914 cylindrica
3696 3807 3854 3893 sere
3889 3877 3916 3919 ‚
3982 3810 4073 3894 in

1409 3944 1763 4028 maxime
1829 3934 2117 4046 vegetis
2177 3934 2465 4042 plantis
2556 3936 2948 4052 aliquanto
3037 3939 3337 4049 turgida
3371 4002 3395 4045 ,
3455 3940 3538 4022 in
3602 3938 3761 4023 anis
3823 3940 4067 4051 graci-

1408 4069 1628 4155 liora.
1762 4062 1992 4148 Calix
2091 4064 2547 4172 plerumque
2642 4066 2877 4151 lature
2977 4066 3358 4177 spadiceus
3389 4130 3412 4173 ,
3466 4068 3724 4184 &nae
3822 4068 4069 4179 specie

1409 4196 1683 4309 paffim
1749 4191 2064 4276 vestitus
2096 4256 2121 4298 ‚
2191 4188 2511 4300 lquamis
2572 4193 2778 4278 arfi'e
2844 4195 3168 4280 inuicem
3230 4193 3584 4304 appreffis
3618 4262 3646 4305 ‚
3713 4197 3791 4279 in
3854 4198 4064 4306 capi-

1407 4328 1577 4412 tulis
1611 4392 1635 4434 ,
1703 4345 2028 4434 quorum
2092 4316 2389 4402 habi'tus
2455 4323 2822 4429 turgidior
2884 4325 2993 4409 est
3028 4392 3054 4432 ,
3092 4341 3218 4407 ‘ex
3279 4342 3511 4407 ouato
3573 4324 4005 4409 lanceolatis
4035 4390 4067 4432 ,

1407 4457 1493 4539 in
1559 4451 2036 4538 fidelioribus
2103 4447 2405 4556 semper
2471 4448 2925 4536 lanceolatiS.
3013 4449 3341 4538 Flosculi2
3396 4452 3754 4565 purpurei
3820 4451 4066 4564 pistil-

1402 4581 1571 4672 lum
1636 4599 1716 4667 et
1778 4579 2174 4665 antheram
2237 4575 2547 4663 obscure
2614 4580 2927 4670 violacei
2954 4591 2955 4594 ‘
2984 4581 3263 4670 coloris
3321 4581 3705 4669 includunt
3739 4645 3764 4689 ,
3827 4600 3908 4665 et
3956 4580 4066 4664 se·

3724 4710 4067 4798 minibus
