4378 5721
1263 614 1960 730 TRICOCCAa
2217 755 2223 761 ι
2763 660 2958 749 ‘239

430 856 831 953 Summam
928 884 1113 950 cum
1190 864 1338 969 hac
1419 866 1675 978 planta
1773 862 2231 952 affinitatem
2297 858 2527 950 habet
2627 861 2980 958 nitran‘ae

306 980 765 1092 sfflosssslu
796 1061 823 1104 ,
889 997 1168 1080 medici
1228 1021 1375 1109 per
1435 995 1926 1107 quadraginta
1992 995 2147 1080 sere
2229 1018 2469 1079 annos
2546 995 2628 1078 in
2705 998 2957 1086 Ruflh

311 1146 624 1212 aetatem
687 1126 978 1238 agentis
1009 1190 1035 1234 ,
1094 1129 1361 1236 magni
1407 1124 1904 1236 'botanophili
1937 1190 1963 1234 ,
2027 1124 2283 1208 modo
2329 1122 2630 1210 scientia
2697 1130 2955 1214 amori

305 1254 802 1368 respondisset.
925 1252 1491 1367 Descriptiones
1565 1253 1725 1337 eius
1769 1316 1796 1362 ,
1860 1279 2053 1363 quae
2138 1257 2221 1337 in
2303 1252 2556 1338 m'Cto
2631 1255 2729 1338 ad
2804 1253 2956 1343 huc

309 1386 587 1470 exstant
620 1451 645 1491 ,
709 1386 793 1469 in
856 1409 1093 1491 opere
1129 1450 1153 1491 ,
1218 1386 1427 1491 quod
1492 1380 1996 1471 memorabilia
2058 1382 2195 1471 W
2181 1379 2386 1491 οζςαε
2407 1382 2639 1491 fluta‘i
2677 1405 2952 1497 vocat,

2593 1510 2784 1597 fides
2864 1517 2956 1602 iis

2568 1666 2955 1753 nunquam

2587 1772 2953 1882 exempla

2540 1963 2563 2006 ,
2628 1918 2709 1982 et
2798 1901 2954 2011 ipse

2537 2027 2733 2110 tium
2769 2026 2952 2116 Iulii

2544 2156 2946 2243 vinearum

303 2381 336 2394 -
1430 2381 1434 2382 ᾗ
1974 2381 1998 2396 Ι
2453 2381 2475 2391 ,
2534 2309 2564 2367 s
2618 2287 2945 2371 iamiam

293 2413 543 2497 orbam
581 2481 607 2520 ,
677 2415 972 2507 bacciae‘.
990 2435 1320 2523 autemb
1331 2405 1914 2529 quamplurimis
1972 2413 2395 2519 rubicundis
2473 2411 2747 2523 stiporis
2815 2414 2946 2496 sal-

288 2537 339 2624 fi
383 2543 731 2625 onustam
772 2605 797 2646 ,
861 2565 1052 2650 quae
1128 2542 1356 2625 calici
1432 2543 1845 2625 insidebant
1924 2538 2449 2648 monophyllo
2484 2600 2511 2644 ,
2579 2544 2908 2648 quinque
2929 2594 2947 2608 ·

281 2665 427 2754 fido
451 2736 477 2777 ,
546 2667 967 2781 persistenti
1002 2732 1027 2773 ,
1090 2664 1477 2780 formaque
1552 2668 1980 2778 gaudebant
2054 2664 2464 2772 cylindrica
2499 2728 2528 2772 ‚
2586 2665 2667 2748 in
2743 2665 2956 2753 sum-

279 2799 533 2883 mitate
612 2794 1008 2883 contrait-a
1085 2812 1171 2879 et
1250 2797 1703 2885 acuminata.
1824 2792 2182 2906 Singulae
2259 2793 2528 2879 baccae
2609 2795 2960 2882 include·

280 2923 447 3010 bant
523 2949 803 3012 nucem
886 2923 1150 3009 duram
1187 2987 1216 3031 ‚
1280 2927 1631 3010 conicam
1669 2993 1701 3036 ,
1758 2928 1838 3009 in
1903 2948 2278 3008 mucrone
2309 2915 2753 3031 crenatam,'
2816 2928 2936 3010 in-

281 3049 382 3136 fla
436 3055 692 3166 paucis
750 3051 1062 3138 soueolis
1129 3051 1596 3168 exsculptam
1636 3120 1664 3164 ,
1723 3058 1960 3138 vnico
1989 3053 2264 3137 conico
2296 3049 2576 3134 semine
2612 3050 2933 3141 foetam.

282 3175 667 3268 Corollam
719 3204 824 3264 ex
854 3194 1379 3275 SCHOBERO
1463 3181 1813 3270 describit
1843 3182 2266 3293 regularem
2301 3197 2531 3292 penta
2536 3181 2867 3291 petalam
2909 3251 2936 3294 ,

278 3308 513 3396 albam
554 3378 579 3419 ,
656 3311 859 3393 cuius
959 3309 1145 3395 fides
1236 3333 1479 3420 penes
1589 3310 1988 3397 auctorem
2085 3311 2206 3396 fit.
2344 3305 2622 3392 Baccas
2716 3312 2932 3398 idem

275 3451 835 3533 SCHOBERUS
902 3440 1169 3549 primo
1244 3438 1493 3523 rubras
1555 3440 1697 3524 efle
1719 3505 1740 3544 ,
1808 3439 2067 3551 postea
2107 3437 2588 3549 nigredinem
2625 3461 2925 3527 contra-

280 3564 452 3653 here
514 3590 594 3655 et
662 3567 961 3654 officula
1042 3567 1413 3677 disperma
1482 3566 1735 3653 fouere
1818 3566 2165 3681 perhibet
2201 3631 2225 3674 ,
2288 3567 2495 3675 quod
2565 3569 2930 3677 posterius

280 3701 562 3783 veritati
637 3698 971 3781 minime
1034 3695 1620 3781 consentaneum
1690 3698 1821 3781 est.
1893 3698 2273 3783 Frutitem
2311 3692 2429 3780 D.
2492 3708 2925 3791 LERCHB

272 3826 411 3909 efle
474 3826 725 3911 scribit
787 3827 1010 3911 vuius
1041 3828 1266 3910 vlnae
1301 3823 1764 3936 longitudine
1798 3891 1824 3935 ,
1891 3826 2481 3909 decumbentem
2511 3887 2535 3929 ,
2602 3827 2683 3905 in
2723 3829 2926 3910 mul-

263 3968 379 4036 tos
472 3981 732 4040 ramos
813 3954 1142 4038 diuisum
1186 4020 1211 4061 ,
1276 3957 1701 4066 corticeque
1785 3953 1968 4041 albo
2052 3956 2361 4040 cinereo
2438 3950 2860 4039 obductum
2901 4024 2930 4067 ,

264 4077 457 4167 foliis
522 4084 879 4168 vestitum
945 4081 1265 4193 angustis
1305 4148 1330 4189 ‚
1392 4085 1485 4167 ad
1550 4084 1880 4168 modum
1947 4081 2305 4169 ibliorum
2362 4079 2744 4192 gnaphalii
2783 4086 2927 4170 ob-

267 4209 630 4297 tufiffimis
665 4278 688 4319 ,
762 4210 1135 4296 fruetuum
1203 4211 1424 4294 instar
1481 4212 1693 4321 gustu
1754 4212 1941 4298 salfis
1975 4278 1999 4321 ,
2066 4214 2339 4298 florere
2399 4210 2622 4295 Iunio
2700 4239 2922 4297 men-

253 4330 326 4417 se
357 4403 383 4446 ,
445 4360 525 4424 et
594 4337 795 4423 Iulio
854 4359 1076 4451 atque
1142 4340 1497 4449 Augusto
1559 4340 1884 4427 fruitam
1957 4359 2357 4425 maturare.

380 4465 700 4553 Habitus
757 4466 1031 4554 fruticis
1092 4471 1425 4552 omnino
1486 4469 1695 4555 idem
1762 4470 1910 4579 est,
1975 4470 2106 4580 qui
2167 4469 2463 4575 nostri,
2528 4462 2701 4551 folia
2745 4487 2911 4554 tan-

260 4604 416 4679 tum
515 4596 912 4713 aliquanto
996 4596 1268 4687 latiora
1326 4598 1517 4692 sunt.
1617 4595 1900 4719 Spinae
1934 4666 1966 4713 ‚
2024 4624 2205 4714 quas
2277 4595 2399 4686 D.
2501 4611 2907 4695 LERCHE

273 4795 278 4802 .
643 4750 649 4757 ’
2647 4731 2914 4821 descri-
