4378 5721
1386 624 1567 734 1'56
1943 625 2099 715 IV.
2164 610 2745 712 FLORIBVS
2812 611 3426 716 RADIATIS.

1499 856 1597 940 'T
1596 878 1713 941 res
1772 854 2211 969 plerumque
2246 922 2270 966 ,
2332 854 2546 966 saepe
2611 855 2844 939 etiam
2915 851 3164 964 plures
3194 918 3218 962 ,
3282 854 3382 940 ad
3444 849 3570 938 sex
3603 920 3628 966 ‚
3686 850 3882 941 οᾶο
3944 870 4028 939 et
4174 855 4187 867 '

1381 986 1799 1073 duodecim
1870 986 2093 1070 flores
2154 988 2237 1067 in
2296 983 2729 1070 summitate
2786 984 3019 1069 caulis
3081 984 3519 1095 pedunculis
3588 983 3890 1069 circiter
3924 983 4028 1068 se

1386 1115 1913 1202 miuncialibus
1975 1113 2223 1198 innixi
2262 1180 2289 1222 ‚
2352 1138 2458 1197 ex
2517 1138 2682 1196 vno
2746 1114 3192 1225 plerumque
3257 1133 3520 1198 centro
3586 1116 3963 1226 eriguntur
4004 1178 4036 1220 ‚

1379 1243 1510 1331 sed
1573 1258 1746 1327 uec*
1776 1268 1951 1327 raro
1985 1309 2011 1353 ‚
2105 1241 2230 1327 vel
2292 1245 2447 1328 duo
2486 1259 2802 1327 ‘tantum
2867 1243 3103 1326 flores
3138 1307 3162 1351 ,
3258 1246 3391 1329 vel
3455 1268 3649 1326 vnus
3704 1263 3785 1327 et
3846 1243 4034 1326 alter

1379 1371 1566 1459 infra
1625 1369 2033 1482 superiores
2097 1372 2477 1481 prodeunt
2508 1438 2535 1480 ,
2592 1370 2890 1481 singulis
2943 1391 3203 1456 autem
3306 1370 3611 1455 floribus
3707 1372 4034 1482 fingulae

1385 1502 1910 1613 supponuntur
1971 1498 2245 1612 ligulae
2308 1500 2637 1586 setaceae
2672 1564 2696 1608 ,
2758 1525 2950 1611 quae
3012 1502 3096 1584 in
3160 1497 3351 1583 statu
3414 1500 3694 1584 florum
3732 1501 4034 1585 vmbel-

1380 1628 1549 1716 lato
1609 1629 2096 1743 inuolucrum
2175 1629 2362 1716 illud
2447 1628 2790 1715 efficiunt
2831 1695 2856 1738 ‚
2953 1629 3158 1741 quod
3222 1653 3513 1711 nomen
3596 1627 4035 1740 specificam

1386 1757 1743 1844 inculcat.
1875 1758 2448 1869 Nonnunquam
2514 1783 2707 1843 vnus
2768 1777 2852 1841 et
2913 1758 3096 1842 alter
3161 1757 3687 1867 pediculorum
3742 1760 3819 1841 in
3854 1761 4044 1843 duos

1382 1886 1947 1974 subdiuiduntur
1976 1953 2005 1995 ,
2069 1912 2399 1998 quorum
2459 1887 2726 1998 finguli
2791 1886 2982 1971 flore
3041 1883 3286 1970 onusti
3319 1883 3506 1970 sunt.
3632 1880 3860 1971 Calix
3906 1912 4036 1972 co-

1388 2042 1586 2103 num
1647 2034 2080 2102 truncatum
2136 2013 2366 2102 refert
2399 2081 2431 2126 ,
2527 2035 2656 2101 aut
2719 2012 2870 2099 fere
2932 2012 3379 2125 cylindricus
3442 2013 3551 2097 est
3590 2077 3623 2122 ‚
3721 2015 4036 2102 multifir

1386 2147 1550 2231 dus.
1682 2143 1746 2232 F
1747 2146 1944 2232 lores
2001 2142 2164 2229 sunt
2226 2144 2409 2228 lutei
2443 2210 2470 2255 ,
2532 2142 2798 2228 radiati
2834 2207 2859 2253 ,
2920 2144 3295 2228 diametro
3392 2136 3792 2228 semiuncia
3871 2171 4042 2230 raro

1384 2271 1723 2360 maiores
1761 2340 1786 2383 ‚
1842 2273 2063 2385 saepe
2125 2272 2470 2358 minores
2497 2336 2524 2378 ,
2572 2268 2803 2356 ‘fiiaue
2861 2272 3076 2357 odori
3112 2339 3135 2376 ,
3201 2290 3280 2353 et
3316 2266 3838 2358 foemellauu'n
3874 2277 4035 2385 qui-

1390 2401 1577 2487 dem
1639 2402 1792 2488 fiue
1853 2403 2042 2505 radii
2105 2418 2453 2490 centrum
2514 2399 2726 2485 floris
2784 2397 3027 2484 versus
3095 2399 3501 2485 ficei-untur
3536 2466 3565 2508 ,
3626 2422 4037 2513 antequam

1385 2517 1687 2643 prorsus
1749 2530 2278 2643 expanduntur
2313 2592 2344 2639 ‚
2405 2528 2668 2644 postea
2728 2553 2915 2614 cum
2975 2527 3119 2612 flos
3176 2522 3721 2644 {aliquantisper
3797 2532 4040 2641 expli-

1387 2678 1595 2743 catus
1658 2661 1768 2746 est
1800 2726 1827 2771 ,
1890 2659 1985 2745 ad
2051 2657 2572 2773 pedunculum
2635 2656 3115 2749 inclinantur.
3220 2646 3476 2745 'Radii
3557 2658 4039 2745 flosculorum

1388 2785 1800 2875 duodecim
1867 2807 1992 2876 aut
2054 2789 2492 2901 quindecim
2558 2804 3057 2872 numerantur
3086 2852 3107 2894 ,
3176 2803 3261 2870 et
3324 2811 3527 2899 apex
3589 2789 3705 2873 est
3759 2787 4043 2874 oblole-
4090 2860 4105 2878 .

1394 2932 1476 2999 te
1540 2919 2009 3003 tridentatus.
2147 2910 2471 3001 Semina
2526 2914 2859 3027 oblonga
2899 2980 2926 3026 ,
2986 2915 3165 3029 pilis
3219 2936 3582 3004 coronata
3615 2985 3649 3027 ‚
3709 2938 4043 3032 recepta·

1393 3043 1576 3129 culo
1635 3046 1850 3131 nudo
1910 3044 2355 3154 infiguntur.

1529 3172 2004 3258 varietatem
2054 3163 2125 3286 j.
2197 3173 2523 3261 Ircutiae
2581 3175 2921 3283 primum
2986 3176 3209 3294 vidi,
3276 3200 3383 3262 ex
3444 3175 3776 3288 Arguta
3805 3176 4054 3264 fluuio

1396 3303 1639 3387 etiam
1705 3301 1930 3388 allata
1990 3303 2101 3389 est
2131 3368 2158 3413 ,
2222 3325 2410 3415 quae
2468 3304 2707 3388 vnico
2767 3306 2850 3388 in
2912 3307 3399 3390 extremitate
3462 3306 3656 3391 flore
3747 3306 4039 3418 praedi-

1395 3449 1472 3515 ta
1540 3449 1702 3514 emt
1735 3495 1763 3541 ‚
1823 3430 1950 3516 sub
2011 3455 2173 3544 quo
2227 3432 2480 3543 aliquo
2536 3430 2783 3542 spatio
2840 3458 2944 3517 ex
3003 3436 3355 3544 proximi
3416 3436 3578 3520 folii
3639 3435 3754 3520 ala
3809 3438 4055 3521 nodus

1397 3558 1763 3644 floriferus
1823 3560 2418 3673 conspiciebatur
2446 3627 2473 3669 ‚
2573 3562 2705 3671 qui
2767 3562 3043 3646 nescio·
3089 3588 3234 3675 qua
3292 3562 3533 3649 causta
3600 3565 4050 3668 exsiccatus

1397 3705 1480 3772 et
1543 3689 1728 3774 hinc
1788 3688 2052 3775 sterilis
2104 3687 2341 3775 finctus
2399 3688 2567 3773 finit.
2692 3689 3116 3777 varietates
3152 3685 3237 3805 jj
3305 3711 3392 3777 et
3434 3717 3513 3804 Jj
3516 3717 3557 3802 J
3628 3696 3880 3778 minus
3928 3720 4044 3777 ra-

1383 3843 1527 3906 ·rae
1590 3816 1754 3903 finnt
1787 3884 1815 3930 ‚
1914 3837 1997 3903 et
2090 3818 2246 3904 fiere
2301 3820 2384 3902 in
2446 3817 2810 3904 omnibus
2898 3820 3087 3904 locis
3117 3887 3142 3929 ‚
3207 3825 3288 3907 in
3347 3825 3610 3932 quibus
3676 3823 4044 3933 plantam

1397 3947 1820 4031 naturalem
1888 3948 2046 4034 vidi
2082 4012 2109 4057 ,
2176 3948 2453 4032 obuiae
2514 3945 2698 4032 sunt.
2826 3942 3081 4059 Saepe
3130 3950 3625 4036 animaduerti
3685 3953 3771 4033 in·
3801 3955 4046 4036 varie-

1403 4090 1562 4157 tate
1610 4066 1728 4186 333
1798 4074 1973 4160 folia
2038 4078 2292 4160 minus
2346 4073 2785 4186 lanuginola,
2812 4142 2838 4186 ‚
2899 4080 3197 4165 caulem
3264 4078 3573 4164 rubrum
3617 4147 3643 4188 ,
3721 4098 3851 4163 aut
3920 4106 4042 4164 ru-

1399 4199 1548 4285 bro
1610 4203 1953 4288 striatum
1992 4269 2017 4312 ‚
2101 4204 2473 4315 floresque
2568 4205 2909 4292 minores
2940 4272 2965 4315 ‚
3068 4205 3583 4292 semifloscul-is
3672 4210 4045 4293 nimirum

1405 4330 1872 4416 breuioribus
1933 4351 2019 4415 et
2080 4358 2227 4443 pro
2289 4335 2586 4418 ratione
2646 4334 3028 4421 latioribus
3062 4391 3087 4441 ,
3155 4339 3557 4445 praeditos,
3698 4337 4054 4422 varietas

1379 4448 1535 4569 jV.
1605 4486 1837 4568 quim
1905 4463 2156 4574 tabula
2220 4463 2534 4545 exhibet
2569 4528 2594 4571 ,
2659 4483 2821 4547 tam
2886 4491 2933 4546 a
2990 4480 3501 4560 STELLERO
3544 4491 3774 4578 quam
3811 4491 3857 4548 a
3912 4487 4055 4550 me

1407 4588 1489 4669 in
1551 4590 1921 4674 montolis
1983 4590 2177 4677 filuis
2240 4593 2436 4677 circa
2496 4591 2848 4682 Ircutiam
2920 4596 3204 4682 vrbem
3265 4617 3347 4683 et
3406 4595 3660 4681 lacum
3762 4593 4054 4679 Bais-as

3842 4720 3992 4809 lem
4021 4783 4061 4835 ι,
