4378 5721
1428 588 1614 680 us
2116 584 2290 677 111.
2351 576 2932 707 FLORIBVS
2992 570 3386 678 NVDIS.
3533 502 3536 507 ¹

2066 842 2119 930 J
2096 806 2244 903 V.
2317 815 2622 905 Eadem
2720 813 3025 902 floribus
3117 810 3499 928 ampliatis
3536 875 3563 921 ‚
3667 808 4085 926 globorum

2391 947 2919 1033 echinatomm
2999 945 3239 1057 specie
3300 944 3633 1030 caulibus
3709 962 3792 1027 et
3849 941 4090 1026 tanus

2411 1076 2840 1160 alternatim
2902 1074 3469 1160 adnasceutibus.

2155 1202 2265 1289 V.
2329 1204 2634 1291 Eadem
2719 1188 3090 1287 vmbellis
3160 1200 3608 1315 lanuginofis
3643 1264 3669 1310 ‚
3749 1195 4031 1285 foliosis
4064 1258 4086 1303 ,

2404 1331 2720 1417 rosaceis
2778 1330 3235 1416 excrescens».

1569 1461 1995 1557 Altitudine
2056 1477 2137 1544 et
2196 1461 2750 1567 corymborum
2816 1462 3339 1570 magnitudine
3433 1464 3722 1546 mirum
3823 1456 4092 1540 variat.

1434 1591 1657 1683 Folia
1717 1615 1913 1677 nunc
1978 1589 2242 1701 ampla
2306 1589 2523 1696 sunt,
2590 1611 2786 1672 nunc
2829 1588 3105 1672 'multo
3204 1590 3571 1696 minora,
3667 1606 3752 1672 et
3812 1606 4089 1669 eorum

1440 1718 1757 1814 laciniae
1818 1718 2279 1805 semiteretes
2336 1733 2469 1801 aut
2534 1716 2859 1826 planae,
2920 1715 3168 1803 caules
3230 1716 3463 1801 erodii
3527 1735 3654 1801 aut
3734 1736 4093 1826 procum·

1442 1847 1769 1952 bentes,
1838 1847 2046 1931 rubri
2107 1864 2235 1934 aut
2290 1844 2570 1989 pallide
2619 1844 3026 1953 ·,albentes
3087 1866 3213 1930 aut
3278 1865 3599 1957 vtroque
3665 1843 3922 1928 colore
3960 1863 4094 1923 va-

1447 1977 1606 2085 tii,
1669 1973 2212 2085 ramosiffimi‚
2272 1993 2406 2060 aut
2471 1954 2612 2056 vix
2646 1974 2950 2057 ramosi.
3081 1974 3495 2059 Obieruaui
3561 1997 3825 2078 veru,
3887 1993 4088 2056 cam·-

1448 2129 1594 2215 pos
1656 2105 2010 2189 exsuccos
2060 2123 2151 2187 et
2215 2104 2462 2189 aridos
2523 2101 2868 2211 plantam
2937 2100 3311 2187 humilem
3374 2121 3452 2186 et
3517 2103 3769 2186 nunus
3844 2122 4090 2184 ramo-

1447 2231 1607 2317 sam
1676 2251 1757 2316 et
1815 2231 2268 2316 erectiorem
2336 2231 2774 2342 producere.
2905 2229 3000 2314 In
3059 2232 3432 2315 eiusmodi
3496 2248 3578 2313 et
3634 2226 3849 2315 fimul
3929 2227 4093 2310 edi-

1452 2361 1550 2449 tis
1609 2358 1797 2445 locis
1859 2360 2173 2461 varietas
2237 2359 2481 2442 etiam
2524 2345 2652 2468 jjj
2718 2381 2877 2440 non
2943 2384 3104 2442 rara
3166 2358 3279 2443 est
3315 2424 3340 2466 ,
3432 2358 3640 2455 cuius
3732 2356 4089 2440 foliorum

1448 2487 1781 2599 laciniae·
1820 2508 2197 2599 perpetuo
2261 2486 2537 2598 planae
2600 2484 2761 2569 sunt
2799 2551 2821 2592 ,
2881 2506 2962 2569 et
3025 2487 3378 2593 corymbi
3480 2486 3896 2571 mediocres
3931 2549 3959 2591 ‚
4013 2502 4089 2581 et

1446 2617 1830 2705 interdum
1898 2615 2121 2709 valde
2186 2601 2392 2725 parui
2426 2679 2454 2721 ,
2521 2638 3067 2726 nonnunquam
3128 2615 3395 2702 leuiter
3456 2616 3701 2701 incani
3737 2680 3763 2719 ,
3803 2664 3808 2669 -
3855 2613 4092 2722 inpri-

1450 2748 1599 2832 mis
1632 2746 1941 2855 quando
1973 2745 2231 2856 planta
2269 2742 2515 2827 adhuc
2551 2742 2838 2825 iuuenis
2872 2743 2980 2825 est
3015 2808 3039 2849 ,
3073 2745 3310 2828 caules
3344 2744 3787 2853 plerumque
3820 2762 4092 2845 tenues

1446 2875 1926 2984 aliquousque
2024 2871 2617 2984 procumbentes
2645 2933 2673 2974 ,
2776 2871 3044 2979 lignosi
3077 2936 3105 2978 ,
3205 2875 3721 2970 extremitate
3738 2872 3955 2982 saepe
4017 2871 4091 2953 in

1450 3001 1705 3085 rosslm
1770 2999 2167 3084 soliaceam
2233 2994 2738 3105 lanuginosam
2781 3062 2834 3105 „
2865 2998 2973 3094 iffi
3007 3000 3227 3107 plane
3256 3002 3584 3087 fitnilem
3621 3069 3647 3112 7
3678 3027 3870 3114 quae
3905 3023 4092 3082 non..

1451 3152 1850 3238 nunquam
1885 3129 1963 3210 iu
1997 3124 2324 3211 salicibus
2360 3125 2784 3208 obseruatur
2820 3190 2844 3232 ,
2893 3125 3304 3213 fatiscentes
3318 3196 3344 3239 ‚
3393 3131 3603 3216 vnde
3642 3130 3959 3232 varietas
3987 3125 4087 3211 V.

1456 3255 1825 3361 efficitur,
1858 3256 1977 3340 cui
2027 3273 2284 3366 quarta
2323 3277 2477 3335 non
2521 3253 2851 3337 multum
2887 3254 3258 3340 absimilis
3314 3259 3421 3342 est
3454 3325 3479 3367 ,
3543 3259 3675 3344 nisi
3707 3257 3911 3370 quod
3945 3255 4094 3366 glo-

1453 3384 1543 3484 bi
1576 3382 1903 3466 echinati
1930 3383 2015 3465 in
2050 3384 2311 3494 planta
2340 3387 2791 3491 proueniant
2859 3383 3148 3492 glabra,
3215 3387 3752 3498 rigidioresque
3787 3387 3974 3490 sint,
4023 3402 4094 3467 et

1462 3512 1685 3596 otnni
1719 3508 2019 3599 hirsutia
2050 3513 2560 3597 destituantur.
2599 3507 3008 3594 Hirsutiam
3063 3537 3251 3595 vero
3282 3512 3643 3600 foliorum
3713 3512 4094 3601 distinctae

1456 3638 1736 3750 speciei
1769 3664 1928 3723 non
1961 3640 2248 3743 deberi,
2259 3637 2541 3740 exinde
2573 3637 2941 3723 concludo
2958 3704 2982 3746 ‚
2998 3643 3201 3750 qnod
3241 3643 3512 3728 dentur
3549 3645 3855 3755 plantae
3876 3709 3900 3751 ‚
3931 3666 4098 3752 qua·

1457 3794 1631 3854 tum
1668 3767 1851 3852 folia
1880 3766 2156 3852 infima
2187 3765 2622 3850 etcaulium
2681 3764 3150 3852 summitates
3179 3765 3446 3880 paffim
3502 3770 3819 3856 hirsutae
3882 3769 4060 3854 sunt.

1584 3894 1877 3981 Tabula
1937 3896 2236 3981 adiecta
2311 3893 2424 3977 est
2483 3894 2582 3975 ad
2647 3896 3045 3994 varietates
3143 3901 3701 4009 exprimendas.
3772 3900 4053 4011 Fig.1

1462 4027 1549 4111 in
1590 4024 2028 4109 aridiffimis
2089 4024 2386 4133 campis
2479 4044 2569 4101 3.
2637 4021 2722 4103 111
2783 4023 3039 4133 paullo
3118 4027 3636 4140 pinguioribus
3696 4046 3776 4112 et
3840 4027 4093 4178 paullo

1457 4153 1996 4239 remotioribus
2050 4152 2153 4236 ab
2218 4149 2425 4294 aquis
2485 4153 2860 4259 prouenit.

1591 4279 1946 4366 Prouenit
2027 4281 2108 4362 in
2172 4280 2394 4363 omni
2487 4277 2734 4364 Ruffia
2807 4299 2891 4364 et
2956 4275 3231 4367 Sibiria
3295 4279 3390 4370 ad
3450 4285 3798 4398 Amgam
3878 4307 4100 4395 vsque

1459 4409 1844 4515 flmnum,
1875 4407 2001 4493 ad
2067 4406 2201 4494 W
2187 4406 2428 4517 algam
2494 4406 2730 4512 etiam
2832 4407 3154 4494 fluuium
3247 4411 3650 4526 frequens,
3718 4414 3922 4499 vnde
3979 4407 4104 4496 Cl.

1446 4553 1856 4640 mmm
1907 4537 2350 4625 varietatem
2415 4531 2757 4649 glabram
2817 4535 3016 4733 folii}
3081 4541 3513 4632 tenuiffimis
3573 4544 3669 4632 ad
3705 4567 3840 4632 me
3871 4561 4107 4760 {algs-

4035 4684 4103 4754 t.
