4378 5721
1183 556 1304 676 Π.
1362 538 2017 675 mmmm.
2779 566 2992 701 ’Μῖ

348 810 656 901 orientali
721 808 991 898 cardui
1049 809 1434 899 lanceolati
1470 815 1657 931 folio
1699 818 1907 927 flore
1981 808 2309 900 caeruleo
2341 820 2715 905 TOURN.
2772 805 2976 897 Cor}

347 941 414 1026 Ι.
446 947 540 1032 R.
580 944 685 1027 H.
730 966 872 1046 34.
946 944 1061 1027 sed
1127 948 1495 1054 quoniam
1567 947 1817 1028 noster
1879 969 2037 1028 non
2138 947 2368 1028 habet
2436 945 2614 1025 folia
2715 939 2978 1029 cardui

345 1070 731 1177 lanceolati
757 1140 781 1179 ‚
844 1071 1121 1179 scilicet
1187 1100 1321 1183 per
1382 1058 1861 1185 superficiem
1923 1100 2082 1157 non
2142 1073 2427 1187 spinosa
2468 1136 2494 1179 ‚
2559 1071 2737 1156 ideo
2770 1088 2985 1181 tam·⁵

314 1225 553 1311 quam
619 1201 1129 1309 synonymum
1197 1193 1561 1288 adducere
1642 1204 2053 1287 noluimus,

459 1332 729 1419 Radix·
776 1331 1124 1440 perennis
1157 1331 1260 1413 est
1294 1400 1318 1440 ,
1382 1328 1571 1447 (qua
1637 1334 2102 1442 proprietate
2167 1331 2266 1415 ab
2331 1330 2750 1441 Echinopo
2822 1324 2991 1413 mi-‘

342 1460 497 1543 nori
557 1455 935 1573 distem)
973 1458 1491 1587 dodrantalis„
1550 1458 1804 1581 fusca,
1869 1464 2068 1548 intus
2140 1462 2312 1547 alba
2350 1525 2375 1571 ,
2444 1460 2740 1574 pollicis
2786 1481 2992 1544 cras·

324 1585 521 1673 'fitie.
592 1592 595 1595 ’

406 1715 734 1806 Caules
790 1745 1038 1832 vnuS,
1056 1722 1259 1807 duo
1322 1736 1453 1808 aut
1516 1739 1724 1849 tres),
1783 1724 2003 1811 valde
2071 1746 2616 1835 nonnunquam
2655 1717 2998 1825 ramofi,

339 1868 490 1930 non
555 1874 732 1934 raro
797 1851 1379 1979 fimpliciffuni,
1422 1858 1775 1961 teretes,
1843 1855 2143 1967 pallide
2196 1855 2510 1958 virides,
2573 1851 2790 1959 digiti
2857 1872 2995 1929 au-

318 1974 668 2062 'titularis
724 1980 852 2063 vel
921 2007 1217 2127 pennae
1278 1983 1645 2066 anserinae
1705 1979 2520 2093 craffitie,profi1nde
2580 1977 2810 2060 striati
2848 1991 2992 2083 ,et

332 2104 504 2213 pilis
570 2095 1076 2220 breui'ffi'mis,
1140 2111 1392 2221 crispis
1425 2179 1448 2222 ‚
1515 2100 1783 2239 paffim
1880 2109 2304 2222 intersparsa
2402 2108 2747 2219 lanugine
2814 2108 2998 2189 can'-

332 2230 569 2344 dida,
636 2239 925 2347 obfiti,
992 2259 1142 2322 tres
1209 2259 1338 2325 ant
1402 2260 1720 2354 quatuor
1786 2244 2105 2328 cubitos
2133 2241 2316 2329 alti.

459 2304 741 2448 Folia
747 2362 853 2449 in
892 2370 1100 2450 caule
1166 2356 1330 2453 fatis
1394 2371 1874 2489 frequentia5
1944 2373 2220 2480 absque
2305 2366 2598 2478 petiolo
2699 2361 3002 2447 caulem

319 2483 878 2599 ample'xan'tia
913 2554 937 2595 ‚
1004 2486 1503 2596 pinnatifida,⁴
1567 2498 1853 2577 laciniis
1929 2497 2318 2575 nimirum
2374 2510 2418 2569 a·
2481 2494 2680 2570 costa
2747 2486 3002 2573 medi'a

326 2619 522 2703 duas
555 2617 853 2702 circiter
916 2615 1147 2698 lineas
1209 2612 1787 2724 deficientibuS,
1855 2615 2066 2727 supra
2161 2614 2430 2697 viridia
2495 2632 2572 2697 et
2653 2613 3006 2724 lanugine

304 2745 556 2831 heile
622 2742 968 2831 absterfili
1036 2742 1271 2825 obsita
1307 2809 1330 2850 ‚
1389 2743 1581 2831 infra
1612 2738 1990 2853 prorsus
1966 2768 2256 2828 incana.
2321 2741 2635 2827 Foliola
2672 2745 3007 2826 circum-

332 2878 538 2960 circa
578 2872 861 2985 spinosa
899 2938 923 2982 ,
990 2873 1230 2955 etiam
1293 2872 1375 2956 in
1440 2863 1843 2964 ext'remo
1891 2872 2175 2986 spinula
2275 2870 2523 2956 valida
2620 2889 3016 2996 pungente

306 3003 650 3088 *munita
711 3001 897 3089 sunt.

310 3157 319 3160 ·
472 3130 838 3245 Capitula
903 3134 986 3216 in
1047 3125 1362 3217 summis
1456 3117 1786 3218 caulibus
1849 3147 1953 3218 et
1987 3134 2221 3220 ramis
2316 3130 2600 3244 fingula
2638 3198 2662 3241 ,
2762 3134 3018 3218 modo

336 3263 668 3371 erecta,
733 3253 979 3346 modo
1042 3263 1436 3368 nutantia,
1494 3263 1790 3345 caulina
1856 3289 2137 3374 magna
2172 3328 2199 3371 ,
2267 3287 2664 3346 ramorum
2747 3264 3008 3345 mino-

335 3417 451 3477 ra.
597 3330 912 3479 F’losculi
958 3391 1214 3474 totius
1268 3388 1578 3502 capituli
1640 3393 1718 3474 in
1775 3391 2052 3501 plantis
2087 3457 2111 3500 ,
2178 3417 2495 3501 quarum
2560 3390 2787 3474 caulis
2821 3389 3007 3474 fim-

335 3519 524 3631 plex
599 3521 795 3628 est,
868 3519 1316 3631 plerumque
1419 3542 1696 3602 omnes
1753 3519 1977 3606 fimul
2075 3521 2668 3631 expanduntur,
2734 3520 2814 3602 in
2882 3543 3003 3603 ra—

310 3637 827 3756 'mofioribus
862 3647 1187 3767 superius
1249 3645 1895 3770 hemisphaerium
1996 3652 2261 3760 primo
2341 3648 2632 3753 floret,
2743 3631 3006 3762 hisqu'e

335 3773 503 3860 sere
613 3777 1010 3862 emarcidis
1108 3773 1407 3861 inferius
1506 3775 1861 3889 hemisph
1864 3779 2150 3862 terium
2257 3777 2598 3859 succedit.
2767 3770 3013 3860 Colo'r

335 3901 837 3989 flosculorum
919 3903 1337 3990 laetissime
1393 3925 1718 4011 cyaneus
1778 3907 1909 3993 est.
2082 3902 2628 3990 Consormatio
2693 3919 2776 3985 et
2835 3881 3009 3986 reli-

336 4058 543 4141 quae
616 4052 867 4144 partes
929 4035 1024 4118 ad
1090 4033 1378 4118 florum
1442 4032 2007 4149 frustumque
2027 4034 2571 4120 formationem
2654 4029 3016 4118 facientes

342 4159 555 4246 nihil
625 4160 979 4245 differunt
1035 4186 1079 4244 a
1142 4163 1433 4273 vulgari
1499 4160 1783 4273 specie»

473 4303 595 4379 ST
605 4303 1046 4384 ELLERUS
1093 4292 1189 4374 ad
1254 4292 1496 4375 lacum
1564 4291 1949 4382 Baicalem
2010 4294 2089 4376 in
2127 4295 2440 4403 regione
2477 4286 3013 4402 Buguldeichae

308 4416 572 4500 'fluuii
615 4435 706 4499 et
767 4417 1043 4502 abhinc
1104 4420 1199 4502 ad
1235 4414 1741 4533 Bargusinenft
1806 4447 2039 4533 Vsque
2078 4423 2644 4506 munimentum
2682 4419 2764 4501 in
2799 4415 3013 4530 rupi·

344 4543 497 4630 bus
564 4543 924 4658 sterilibus
1003 4549 1351 4634 inuenit.-
1442 4548 1617 4637 Nos
1684 4553 1763 4633 in
1840 4551 2136 4665 campis
2199 4549 2467 4665 apricis
2565 4545 3009 4662 Argunensi-
3093 4597 3094 4600 κ
3229 4557 3232 4560 “

1527 4677 1733 4780 Ns
2880 4676 3016 4767 bus
