4378 5721
1354 628 1471 722 aa
1644 619 1650 627 ·
2014 608 2091 711 1.
2153 537 3311 706 SEMIFLOSCVLOSAE.

1342 842 1773 932 constanter
1835 864 2029 929 vero
2059 845 2426 931 auriculae
2488 845 2571 928 in
2637 842 2764 929 illa
2820 841 3242 951 deficiunt,
3306 857 3389 925 et
3449 835 3625 926 folia
3657 838 4003 928 inferior!

1350 974 1736 1084 aliquanto
1802 973 2162 1082 petiolata
2227 971 2446 1080 suut,
2519 998 2754 1085 quum
2823 974 2905 1056 in
2964 969 3279 1057 Sibirica
3342 967 3593 1055 (effilia
3665 973 3825 1056 [int.
3863 967 4001 1057 Cl.

1361 1113 1895 1196 HALLERUS
1939 1119 2020 1187 et
2080 1113 2558 1220 ΠΝΝᾼΕΟΒ
2592 1101 2875 1185 habent
2937 1125 3086 1214 pro
3151 1098 3480 1187 hieracio
3493 1089 4008 1216 frmiceffola·

1355 1227 1583 1347 tffolio
1636 1221 1926 1342 hirsuto
2008 1224 2110 1313 C.
2178 1217 2276 1312 B.
2352 1231 2488 1316 nisi
2568 1231 2770 1341 quod
2857 1227 3233 1342 posterior
3314 1232 3510 1313 dicat
3551 1289 3576 1332 ‚
3665 1228 4015 1339 plantam

1355 1357 1500 1445 effe
1560 1360 2080 1467 teneriorem,
2144 1381 2377 1469 quam
2441 1359 2523 1442 in
2569 1357 2870 1443 hortis,
2998 1355 3210 1444 Mihi
3269 1359 3616 1441 dentibus
3649 1355 4016 1442 foliorum
4157 1388 4162 1392 ·

1365 1486 1452 1573 in
1515 1484 1777 1570 nostro
1820 1482 2308 1597 paucioribus
2366 1507 2449 1572 et
2510 1484 2706 1571 soliis
2764 1486 3215 1572 acutioribus
3287 1484 3585 1570 differre
3688 1484 4019 1573 videtur.

1364 1612 1514 1701 Per
1609 1610 2018 1700 hieracium
2115 1607 2480 1701 mzlrorwn
2595 1611 2789 1733 solio
2902 1613 3305 1731 pilqsiffimo
3388 1610 3483 1697 B.
3539 1617 3705 1727 pin.
3804 1639 3845 1693 1
3864 1638 3914 1694 2
3925 1619 4015 1719 9'.

1366 1747 2287 1845 MESSERSCHMIDIUM
2335 1746 2564 1830 credo
2622 1745 3077 1830 varietatem
3138 1742 3354 1828 huius
3413 1742 3861 1855 intelligere.

1502 1937 1782 2027 leones
1835 1941 1940 2032 ad
1999 1939 2221 2028 ficcas
2311 1937 2601 2054 plantas
2654 1934 2894 2025 saetae
2987 1934 3437 2049 archetypas
3515 1936 3714 2023 bene
3771 1930 4031 2051 expri-

1382 2089 1635 2158 munt.

1515 2287 1571 2368 3
1590 2290 1631 2349 1
1654 2325 1674 2348 .
1737 2256 2524 2353 HYPOCHOERIS
2586 2260 2778 2349 foliis
2808 2259 3098 2347 hirsutis
3133 2327 3158 2369 ‚
3216 2260 3460 2345 ouatis
3491 2324 3518 2369 ,
3577 2253 3796 2370 saepe
3849 2257 4033 2345 den·

1761 2390 1941 2476 tatis
1975 2454 2000 2499 ,
2062 2392 2279 2480 caule
2342 2392 2792 2508 plerumque
2855 2389 3190 2477 vnifloro
3283 2385 3578 2482 HALL.
3634 2384 3876 2478 Helv.
3947 2413 4034 2502 p.

1770 2524 2007 2734 763}
1977 2650 2324 2736 mactum
2423 2645 2495 2736 Ι.
2594 2642 2975 2765 laufhliusn
3003 2660 3277 2741 CLUS
3332 2647 3442 2735 H.
3542 2639 4039 2737 CXXXIX.

1884 2774 2104 2890 costa
2184 2776 2428 2865 herba
2506 2790 2744 2868 CAM.
2798 2774 2995 2865 hurt-
3062 2803 3145 2885 P·
3211 2801 3363 2878 49·

1897 2903 2021 2990 H
1991 2926 2341 2990 teractum
2404 2904 2896 2990 Pannonicum
2958 2901 3335 3019 latqolim
3399 2904 3470 2991 1.
3540 2904 3814 3023 ΟΨ,
3845 2900 4045 2993 Pilo-

2000 3022 2241 3145 seIIae
2300 3033 2572 3121 maiori
2604 3022 2688 3145 s.
2758 3027 3276 3120 Pulmonariae
3339 3032 3568 3121 luteae
3647 3036 4043 3148 accedens,

2024 3156 2462 3247 maculatum
2521 3172 2597 3246 et
2656 3182 2794 3247 non
2858 3158 3298 3248 maculatum
3357 3160 3425 3246 Ι.
3463 3160 3560 3248 Β.
3600 3161 3714 3248 ΙΙ.
3762 3172 4039 3253 1026.

1900 3280 4046 3536 ffwmfflmwfflu..

2034 3544 2121 3632 h.
2180 3541 2408 3677 Clff.
2483 3560 2691 3667 385.
2756 3545 2972 3632 Suec.
3037 3546 3280 3657 631.
3346 3562 4045 3693 ROY.pr·‘1.25.

1532 3745 1665 3834 Ad
1730 3741 2049 3831 Lenam-
2112 3740 2435 3828 fluuium
2497 3704 2578 3826 et
2656 3741 2740 3825 in
2801 3741 3234 3850 regionibus
3266 3807 3291 3849 ‚
3389 3762 3585 3829 trans
3629 3742 4050 3832 Rau-alem

1408 3866 1658 3967 heum
1721 3874 1875 3959 fitis
1908 3937 1933 3980 ,
1968 3895 2156 3954 -non
2221 3872 2442 3978 vidi,
2516 3893 2655 3961 nec
2723 3884 3277 3966 STELIERUS
3318 3874 3415 3959 ab
3477 3870 3766 3960 Iacutia
3864 3876 4056 3980 vrbe

1412 3992 1819 4112 Ochotenfi·
1879 4024 2098 4095 mare
2161 3999 2399 4087 versus
2455 3996 2863 4085 obseruauit
2899 4065 2927 4108 ,
2987 4027 3227 4111 quum
3287 4002 3368 4087 iu
3427 4000 3710 4110 reliqua
3783 3999 4055 4089 Sibiria

1414 4154 1778 4245 nusquam
1847 4127 2141 4239 hospita
2209 4114 2361 4236 fit.
2429 4127 2771 4237 adeoque
2823 4130 3141 4216 termini
3203 4132 3365 4217 eius
3423 4152 3472 4214 a
3529 4129 3732 4221 laico
3790 4133 3891 4218 ad
3945 4132 4058 4219 la·

1412 4287 1604 4353 cum
1659 4253 2045 4351 Baicalem
2107 4280 2344 4370 ‚Vsque
2369 4306 2374 4310 -
2404 4255 2744 4368 ponendi
2799 4252 2997 4345 sunt.
3082 4342 3090 4351 ,
3255 4300 3262 4321 .-

1436 4470 1451 4475 ·
1544 4446 1785 4551 Caule
1868 4452 2242 4543 occurrit
2299 4450 2441 4537 sun
2446 4446 2626 4564 phc1
2683 4471 2761 4538 et
2823 4452 3193 4564 ramoso,
3257 4455 3355 4542 ad
3437 4476 3760 4571 quatuor
3825 4481 4063 4570 vsque

1417 4576 1745 4749 ramos,
1808 4584 2015 4700 quod
2070 4606 2237 4673 ιιοιι
2296 4606 2474 4674 raro
2531 4585 2973 4704 contingit,
3034 4584 3339 4704 quando
3398 4588 3589 4677 duos
3619 4580 4066 4808 cufim

3734 4719 3801 4815 ti
