4378 5721
1438 598 1557 709 aa
2317 586 2427 707 η’.
2491 581 3181 723 mmmmm-

1557 840 1884 955 Vtrique
1943 841 2296 932 varietati
2349 858 2878 942 GERBERUS
2911 867 3234 956 campos
3273 820 3596 954 ‘apricos
3683 827 4083 925 Tanam-

1401 964 1538 1090 ses
1595 971 1967 1083 affignat,
2033 974 2145 1061 illi
2209 975 2520 1086 quidem
2585 976 2778 1061 flore
2839 975 3045 1061 luteo
3102 973 3387 1058 vallem
3426 965 3931 1077 Matiuchin,
3970 967 4082 1053 al-

1432 1103 1574 1187 teri
1630 1098 1824 1188 flore
1885 1102 2056 1189 albo
2115 1104 2585 1211 stationem,
2653 1128 2846 1217 quae
2897 1130 2992 1255 a
2985 1092 3496 1193 Melichowo
3562 1122 3874 1188 nomen
3926 1092 4081 1184 sor·

1440 1230 1767 1447 titaIceostn
1823 1358 2170 1475 plantam
2234 1361 2543 1478 optime
2607 1360 3010 1474 exprimit.

1572 1555 1728 1657 69.
1796 1543 2516 1643 CENTAUREA
2576 1549 2899 1663 squamis
2961 1550 3455 1658 lanceolam,
3523 1530 3717 1636 foliis²
3790 1510 4030 1636 variis
4057 1615 4088 1675 3

1818 1684 2117 1769 caulinis
2179 1674 2628 1796 plerumque
2690 1705 2799 1765 ex
2862 1683 3182 1793 pinnato
3248 1681 3630 1789 dentatis»,
3661 1656 3874 1803 caule
3907 1678 4087 1768 fim-

1817 1810 2255 1925 pliciffimo.
2325 1809 2527 1899 Tab.
2592 1808 2991 1919 XXXIX
3083 1808 3253 1924 Fig.
3325 1834 3367 1890 1
3394 1834 3471 1894 t.

1565 2003 1827 2096 Radix
1887 2009 2324 2117 panta,in
2388 2005 2709 2118 longas,
2773 1912 3606 2176 fi1stas,crais1usculas
3660 2001 3934 2130 fibras
3955 1898 4087 2088 de·

1450 2133 1832 2349 mig-aulis
1893 2259 2281 2373 angulosus
2345 2263 2512 2369 est,
2577 2261 2911 2370 firmu5‚
2979 2261 3278 2373 tenuis,
3370 2258 3578 2344 breui
3637 2277 3720 2346 et
3788 2280 3956 2344 rara
3991 2256 4091 2341 la·

1446 2391 1736 2502 augiae
1793 2389 2168 2500 hirihtuS,
2227 2391 2687 2481 dodrantalis
2751 2409 2834 2476 et
2883 2324 3237 2503 pedalis
3254 2326 3934 2512 smpliciii‘unus,
4001 2381 4093 2468 ad

1448 2518 1869 2607 dimidiam
1915 2542 2149 2630 vsque
2211 2517 2685 2611 altitudinem
2755 2518 2989 2606 tribus
3047 2534 3184 2643 aut
3238 2532 3558 2633 quatuor
3616 2516 3813 2602 foliis
3873 2511 4094 2601 vesti-

1449 2666 1632 2756 ωε,
1692 2648 2068 2759 reliquam
2132 2664 2436 2755 partem
2500 2622 2804 2734 nudus.

1583 2775 1801 2863 Folia
1861 2773 2210 2860 radicalia
2267 2774 2515 2860 multa
2548 2839 2576 2883 ,
2673 2772 3000 2860 vncialia
3092 2790 3172 2859 et
3232 2768 3645 2859 triuncialia
3683 2838 3710 2883 ,
3811 2765 4100 2887 petiolis

1316 2978 1321 2984 ,
1457 2903 1947 2989 biuncialibus
2009 2899 2301 2985 circiter
2362 2902 2540 2983 nixa
2581 2965 2606 3009 ‚
2671 2900 2976 2986 carnosa
3019 2964 3046 3009 ,
3109 2919 3189 2985 et
3252 2903 3430 2986 hinc
3529 2928 3803 3014 parum
3865 2920 4099 2986 veno·

1455 3028 1534 3116 {a
1572 3093 1599 3137 ,
1663 3026 1942 3139 pallide
2002 3024 2282 3110 viridia
2316 3091 2342 3134 ,
2403 3024 2595 3112 infra
2655 3027 3020 3113 albidiora
3078 3046 3163 3115 et
3217 3029 3299 3113 in
3358 3030 3734 3140 glaucum.
3756 3022 4098 3116 coldrem

1461 3155 1929 3268 vergentia,
1996 3178 2364 3266 perquam
2428 3156 2639 3242 varia
2676 3221 2701 3265 ‚
2770 3176 2994 3241 onata
3028 3224 3055 3264 ‚
3117 3149 3270 3242 sere
3350 3160 3712 3273 triangula
3752 3225 3777 3268 ,
3871 3158 4104 3242 *obtu-

1466 3285 1541 3371 ia
1579 3352 1604 3396 ‚
1667 3287 1959 3394 integra
1986 3348 2020 3400 .‚
2084 3282 2227 3390 alia
2289 3284 2371 3367 in
2434 3283 2588 3369 bafi
2650 3304 2779 3368 aut
2836 3285 2917 3368 in
2974 3304 3153 3372 toto
3246 3287 3539 3371 ambitu
3616 3288 3743 3373 vel
3773 3279 4106 3395 'obirem

1473 3415 1611 3498 vel
1666 3411 2029 3525 profimde
2087 3410 2366 3496 finuata
2402 3482 2425 3523 ‚
2487 3411 2930 3524 pinnatifida
2969 3481 2993 3524 ‚
3062 3414 3393 3500 lacinulis
3428 3415 3501 3497 in
3530 3415 3894 3526 spinulam
3945 3412 4106 3496 bre-

1446 3563 1659 3626 -vem
1727 3538 2145 3624 terminatis
2179 3607 2204 3650 ‚
2273 3542 2462 3651 quali
2529 3541 2765 3625 etiam
2833 3563 3186 3629 extrema
3248 3543 3709 3655 integrorum
3743 3543 4102 3629 spliorum

1474 3672 1917 3755 muniuntur
1949 3733 1975 3773 ‚
2044 3690 2320 3778 margo
2380 3689 2761 3781 praeterea
2795 3657 3009 3756 'ciliis
3080 3669 3512 3756 breuiffimis
3547 3693 3592 3780 ,·
3651 3673 3833 3756 raris
3866 3737 3893 3780 ,
3990 3672 4104 3754 in·

1473 3798 1787 3885 structus
1849 3797 1985 3881 est.
2098 3791 2418 3882 Caulina
2479 3799 2735 3884 colore
2789 3817 2868 3882 et
2929 3797 3298 3884 firmitate
3369 3801 3809 3885 radicalibus
3901 3798 4104 3885 suni-

1473 3926 1580 4012 lia
1636 3926 1796 4011 ‘fiunt
1828 3993 1854 4035 ,
1912 3925 2364 4037 oblongiora
2421 3944 2682 4011 tamen
2707 3995 2746 4037 ,
2820 3926 3269 4042 plerumque
3325 3949 3430 4013 ex
3490 3925 3808 4041 pinnato
3854 3929 4108 4013 denn-

1477 4073 1559 4139 ta
1600 4114 1630 4160 ‚
1691 4052 1988 4139 summa
2051 4079 2214 4160 non
2280 4080 2454 4139 raro
2519 4056 2804 4168 integra
2843 4122 2868 4164 ,
2929 4057 3508 4171 amplexicaulia
3545 4122 3570 4166 ‚
3669 4082 3825 4171 quo
3898 4056 4110 4167 supe-

1471 4184 1678 4268 riora
1714 4249 1737 4283 ,
1797 4205 1898 4264 eo
1960 4183 2287 4268 minora.
2418 4182 2621 4269 Orae
2679 4184 3140 4271 caulinorum
3204 4184 3560 4271 ibliorum
3625 4187 3878 4300 potius
3905 4185 4113 4272 lanu·

1478 4310 1782 4424 ginosae
1821 4353 1869 4419 ‚·
1903 4335 2134 4421 quam
2197 4312 2491 4397 ciliatae
2551 4313 2704 4398 dici
2737 4335 3144 4402 merentur.

1613 4435 2059 4550 Capitulum
2125 4441 2443 4526 Vnicum
2504 4442 2828 4554 singulos
2885 4444 3127 4530 cauloe
3192 4444 3559 4529 terminat
3592 4437 4114 4531 maiustulum.

1487 4563 1726 4656 Calix
1784 4567 1933 4655 leui
1990 4567 2344 4684 lanugine
2406 4571 2722 4658 vestitur
2750 4635 2778 4682 ,
2838 4572 3034 4659 adeo
3108 4597 3348 4690 pauca
3439 4594 3697 4662 tamen
3730 4638 3758 4686 ,
3820 4588 3918 4656 vt
3982 4569 4124 4668 vix
