4378 5721
1133 604 1198 690 Ι.
1244 590 2417 732 SEMIFJOSCVLOSAE.
3064 634 3112 715 η

475 838 574 920 lia
639 835 899 946 glabra
968 854 1045 915 et
1115 834 1453 942 bupleuri
1520 820 1750 919 instar
1815 835 2176 945 laeuigata
2220 901 2240 939 ,
2305 821 2508 942 cosla
2575 835 2831 916 media
2894 836 3055 919 alba
3094 902 3119 944 ‚

469 965 817 1049 describit
853 1013 893 1070 ,-
935 983 1010 1044 et
1074 965 1318 1046 caules
1379 965 1537 1047 eius
1594 951 1805 1075 saepe
1864 965 1963 1047 ab
2023 963 2480 1047 infestorum
2545 963 2814 1045 ictibus
2863 966 2940 1045 in
2978 990 3119 1046 no-

472 1094 689 1177 dulos
746 1089 1230 1176 intumescere
1293 1085 1521 1204 atque
1589 1093 2044 1208 monstrosos
2100 1096 2414 1186 etiadere
2446 1090 2823 1173 asseuemt.
2893 1091 3114 1177 Hanc

477 1221 557 1303 in
646 1220 1025 1304 montosis
1084 1220 1271 1304 IociS
1334 1248 1379 1305 e
1442 1225 1752 1331 regione
1819 1225 2360 1306 confluentium
2466 1223 2710 1308 Ircuti
2766 1240 2844 1301 et
2936 1223 3107 1305 An-

451 1372 703 1460 garae
764 1349 1161 1462 prouenire
1263 1347 1510 1434 scribit
1544 1416 1568 1454 ,
1635 1376 1773 1435 nos
1833 1377 2024 1434 vero
2088 1378 2235 1461 pro
2301 1349 2570 1432 eadem
2676 1347 3046 1432 habemus
3081 1415 3107 1456 ,

469 1502 663 1588 quae
723 1476 851 1560 sub
914 1476 1061 1560 hoc
1133 1503 1455 1563 numero
1514 1479 1871 1596 descripta
1938 1481 2067 1563 est.

594 1625 684 1716 4ς.
722 1597 1492 1694 SCORZONERA
1555 1603 2141 1718 caule'ramoso‚
2175 1607 2396 1694 tereti
2433 1670 2458 1713 ,
2496 1603 2691 1690 foliis
2725 1604 3118 1690 linearibus

848 1736 1291 1818 acuminatis
1321 1801 1349 1843 ‚
1409 1737 1757 1826 calicibus
1816 1738 2317 1826 obtusiusculis
2375 1735 2577 1819 Tab.
2647 1732 2755 1818 11.
3151 1739 3162 1752 “

971 1862 1437 1950 Scorzonera
1469 1865 1920 1979 angrsszjlolia
1952 1866 2236 1970 elatior,
2256 1867 2680 1950 Pannonica
2699 1890 2786 1963 4.
2830 1875 3103 1956 CLUS.

1094 1985 1212 2070 H.
1279 1979 1842 2076 CXXXVIII.
1908 2007 1989 2068 et
2052 1986 2546 2074 CXXXIX.
2903 2012 2918 2026 ·

816 2111 822 2117 ’
972 2113 1437 2200 Scorzonera
1498 2112 1950 2232 angefizjsolia
1985 2105 2473 2227 fiebcaerulea
2537 2115 2634 2200 B.
2685 2119 2843 2232 pin.
2887 2143 2937 2202 2
2951 2144 3002 2222 7
3018 2145 3101 2224 ς.

581 2239 865 2334 Radix
903 2244 1130 2355 digiti
1209 2243 1632 2330 auricularis
1723 2241 2033 2328 crassitie
2066 2311 2093 2354 ‚
2183 2243 2496 2329 circellis
2606 2249 3113 2346 eminentibus
3209 2311 3214 2316 -

454 2368 706 2482 aspera
726 2434 763 2479 ‚-
815 2374 1175 2484 palmaris
1230 2375 1533 2458 circiter
1567 2440 1593 2482 ,
1650 2372 2057 2480 cylindrica
2091 2440 2119 2482 ‚
2174 2371 2640 2484 plerumque
2670 2375 2878 2459 reeta
2914 2444 2939 2488 ,
2992 2380 3108 2462 in-

452 2501 766 2585 terdum
802 2489 1033 2585 ⁴circa
1091 2503 1444 2586 medium
1502 2503 1805 2609 oblique
1869 2502 2072 2585 flexa
2112 2568 2135 2605 ‚
2202 2501 2413 2610 gustu
2472 2526 2725 2587 amara
2767 2568 2793 2608 ,
2859 2508 3112 2612 paucis

445 2622 670 2709 fibris
703 2690 728 2732 ‚
795 2630 879 2710 in
939 2645 1215 2707 exortu
1268 2628 1682 2733 rigidarum
1752 2625 2115 2705 fibrarum
2167 2625 2523 2706 ’fasciculo
2557 2627 2822 2733 stipata
2863 2691 2886 2733 ,
2920 2656 3113 2740 quae

453 2777 609 2864 pro
672 2753 997 2864 reliquiis
1061 2752 1524 2862 petiolorum
1592 2749 1980 2859 superioris
2041 2752 2217 2838 anni
2280 2750 2668 2835 habendae
2736 2753 2923 2838 sunt.

595 2875 848 2964 Caulis
908 2903 1101 2961 vnus
1134 2944 1162 2987 ,
1224 2880 1382 2961 duo
1446 2895 1578 2962 aut
1646 2896 1797 2961 tres
1832 2939 1856 2985 ,
1920 2880 2281 2985 rotundi,
2344 2880 2580 2964 erecti
2614 2934 2640 2988 ,
2677 2881 2887 2983 firmi
2926 2954 2949 2995 ‚
2981 2913 3113 2987 qa-

452 3006 544 3093 vi
578 3073 601 3113 ,
667 3006 1022 3091 subtiliter
1058 3069 1085 3111 ,
1185 3023 1266 3085 et
1329 3023 1422 3087 vt
1484 3004 1626 3087 vix
1723 3023 2086 3115 appareat
2123 3070 2149 3113 ,
2215 3008 2446 3090 striati
2486 3073 2509 3113 ,
2612 3011 2968 3098 cubitales
3028 3036 3108 3101 et

452 3137 840 3246 longiores
875 3201 900 3243 ‚
964 3157 1110 3243 pro
1164 3135 1468 3217 rarione
1527 3133 1927 3221 altitudinis
1990 3151 2249 3225 tenues
2281 3199 2307 3238 ,
2386 3136 2784 3246 simplices,

584 3264 795 3350 Folia
858 3265 940 3346 in
1002 3261 1217 3345 caule
1280 3260 1683 3346 numerosa
1717 3328 1740 3368 ,
1840 3266 1980 3373 pe'r
2077 3263 2471 3347 biuncialia
2530 3285 2610 3345 et
2691 3273 3109 3371 „tritmcialia

458 3393 843 3479 interualla
876 3456 902 3497 ,
966 3389 1248 3477 alterna
1287 3456 1312 3499 ,
1378 3388 1857 3499 semipedalia
1897 3455 1925 3498 ‚
2002 3391 2189 3481 laete
2291 3394 2680 3504 Vtrimque
2779 3402 3047 3495 viridia
3084 3471 3109 3514 ,

451 3521 746 3608 sextam
816 3521 1079 3604 vnciae
1143 3538 1446 3628 partem
1532 3519 1676 3603 lata
1712 3585 1739 3628 ,
1834 3520 2058 3631 plana
2097 3588 2123 3629 ,
2185 3523 2510 3632 quinque
2608 3528 2856 3619 neruis
2892 3596 2917 3639 ‚
2998 3533 3102 3616 se-

453 3652 781 3737 cundum
848 3666 1103 3732 totam
1171 3648 1720 3759 longitudinem
1790 3639 2342 3734 decurrentibus
2378 3717 2406 3759 ‚
2468 3654 2804 3762 praedita
2840 3723 2868 3766 ‚
2968 3685 3104 3770 ffi-

454 3777 564 3863 stu
626 3780 1007 3889 aliquanto
1062 3802 1343 3861 amara.

516 3930 527 3941 ·
580 3903 674 3989 In
733 3926 1095 3990 extremo
1154 3905 1616 4017 singulorum
1680 3906 2007 3992 caulium
2083 3908 2340 4021 finguli
2376 3909 2599 3994 flores
2636 3936 3042 4027 emergunt
3075 3987 3101 4029 ,

450 4034 683 4119 vncia
740 4034 1148 4146 ampliores
1190 4100 1215 4142 ‚
1274 4036 1536 4146 quibus
1591 4032 1809 4146 saepe
1868 4036 2114 4123 adhuc
2150 4105 2176 4147 ,
2241 4039 2464 4123 variis
2543 4037 2793 4150 spatiis
2881 4046 3040 4130 duo
3074 4116 3098 4156 ,

450 4163 591 4248 tria
654 4181 782 4247 aut
839 4180 1157 4275 quatuor
1189 4229 1215 4271 ,
1276 4165 1428 4248 siue
1483 4166 1913 4250 rudimenta
1975 4167 2262 4251 florum
2326 4166 2580 4252 seffilia
2621 4237 2647 4278 ,
2698 4171 2826 4257 vel
2860 4177 3101 4273 etiam

446 4293 687 4376 flores
747 4291 1055 4403 perfecti
1119 4290 1441 4378 subsunt.
1569 4292 1672 4377 Hi
1736 4296 2171 4405 pedunculis
2288 4297 2825 4407 biuncialibus,
2927 4308 3100 4414 pal-

442 4424 775 4508 maribus
836 4441 915 4505 et
971 4423 1445 4533 longioribus
1482 4488 1507 4528 ,
1568 4422 1626 4508 fi
1690 4424 2014 4509 iuniores
2074 4423 2239 4509 sunt
2270 4491 2296 4533 ‚
2358 4425 2812 4536 lanuginofis
2849 4496 2872 4538 ,
2943 4422 3132 4531 vna

440 4569 527 4636 et
585 4551 817 4639 altera
877 4551 1108 4663 ligula
1142 4620 1169 4663 ‚
1230 4552 1382 4638 siue
1443 4552 1954 4663 angustissimo
2015 4554 2291 4647 ibliolo
2353 4555 2592 4642 auc'tis
2631 4623 2654 4668 ‚
2689 4554 3090 4655 sustentan-

1357 4750 1360 4754 ι
2938 4713 3082 4778 tur.
