4378 5721
1277 762 1284 771 ,
1389 666 1568 762 14⁶
2082 639 2654 743 FLORmVs
2716 646 3291 738 RADIATIS.

1518 880 1749 968 Calix
1806 882 1963 966 fere
2021 880 2327 965 conitus
2365 946 2388 987 ‚
2425 878 2723 963 *scilicet
2777 903 2884 965 ex
2940 878 3249 991 angusto
3328 876 3666 964 inferiori
3763 893 4030 963 extre-

1383 1038 1538 1100 mo
1602 1011 1999 1124 paullatim
2063 1010 2404 1094 dilatatus
2443 1075 2464 1116 ‚
2531 1007 3003 1119 squamarum
3108 1006 3647 1093 latiuscularum
3747 1008 4036 1117 duplici

1389 1144 1541 1227 fere
1603 1142 1782 1225 serie
1843 1137 2326 1248 constipatus.
2455 1135 2775 1222 Flosculi
2839 1162 3113 1220 omnes
3171 1140 3526 1245 candidi,
3607 1137 4036 1221 infimdibu-

1386 1271 1730 1355 liformes
1765 1334 1787 1375 ,
1850 1266 2309 1379 quinquefidi
2347 1330 2370 1374 ,
2436 1284 2704 1348 ventre
2770 1263 3253 1375 ampliusculo
3315 1285 3394 1348 et
3460 1267 3737 1378 pistillo
3783 1265 4035 1348 claua-

1393 1421 1523 1506 t0,
1586 1421 2128 1508 nonnunquam
2197 1397 2284 1478 in
2345 1378 2557 1478 binas
2613 1409 2861 1502 partes
2921 1393 3336 1479 dehiscente
3400 1415 3479 1477 et
3514 1394 3698 1476 flore
3731 1394 4032 1500 longio-

1394 1553 1483 1613 re
1503 1594 1526 1632 ‚
1588 1526 1943 1610 instruc’ci.
2076 1516 2457 1607 Germiua
2546 1520 2846 1634 gracilia
2933 1525 3190 1633 paucis
3280 1524 3515 1635 iisque
3574 1547 3744 1605 non
3795 1521 4050 1630 longis

1397 1656 1578 1769 pilis
1638 1672 2032 1739 coronata.
3094 1726 3099 1729 .

1529 1782 1711 1867 Hoc
1774 1785 1859 1866 in
1920 1781 2110 1865 statu
2129 1779 2490 1891 plantam
2520 1776 2721 1862 hanc
2751 1776 3126 1862 obseruaui
3192 1803 3404 1863 anno
3426 1776 4044 1865 clobccxxxvt

1404 1916 1481 2000 in
1545 1902 1899 2023 strperiori
1963 1909 2223 1994 Lenae
2278 1909 2495 1992 fluuii
2551 1909 2865 2016 regione
2920 1908 3010 1991 in
3069 1909 3441 1993 montofis
3467 1909 3699 2018 riguis
3729 1907 3911 1991 locis
3943 1905 4044 1988 ad

1412 2043 1829 2153 Kirengam
1889 2063 2124 2149 vsque
2179 2038 2509 2123 fluuium
2569 2034 2799 2119 Maio
2871 2035 3132 2119 menie
3163 2103 3191 2143 ,
3278 2063 3440 2148 quo
3499 2061 3853 2148 tempore
3916 2035 4054 2117 ni-

1406 2169 1526 2256 hil
1580 2171 1823 2254 adhuc
1887 2165 2243 2251 foliorum
2306 2165 2693 2277 prodierat
2725 2227 2753 2269 ,
2817 2162 3147 2273 sequenti
3214 2192 3398 2250 vero
3460 2192 3663 2249 anno
3695 2233 3721 2274 ,
3805 2188 4048 2273 quum

1254 2294 1259 2303 ’
1404 2300 1507 2384 ad
1570 2299 1899 2383 eundem
1962 2295 2281 2379 fluuium
2345 2292 2672 2376 ver-(aret
2705 2356 2731 2397 ,
2810 2290 2969 2373 sero
3030 2294 3192 2375 iam
3258 2298 3596 2381 autumni
3689 2313 4056 2402 tempore

1408 2428 1511 2512 ad
1575 2427 1998 2535 Kirengam
2055 2446 2289 2533 vsque
2349 2421 2667 2532 perueni
2701 2483 2729 2522 ,
2793 2439 2882 2501 vt
2940 2421 3035 2502 de
3103 2418 3308 2506 foliis
3369 2425 3652 2508 nullam
3707 2420 4062 2507 obserua-

1406 2559 1704 2640 tionem
1772 2554 2161 2636 instituere
2218 2550 2531 2634 licuerit.
2664 2546 2894 2632 Forte
2952 2549 3061 2632 est
3126 2549 3441 2637 Cacalia
3499 2541 3872 2662 tomerthsa
3940 2542 4052 2630 G.

1406 2692 1712 2772 BAUH.
1764 2698 1892 2795 pr.
1972 2703 2181 2794 192.
2246 2679 2371 2764 sed
2437 2694 2603 2761 tam
2669 2678 2831 2761 eius
2891 2702 3119 2785 quam
3182 2690 3874 2784 HALLERJANAE
3922 2677 4061 2769 de-

1408 2808 1828 2918 scriptionis
1883 2810 2207 2894 breuitas
2303 2803 2718 2912 firspensum
2783 2828 2921 2888 me
2983 2807 3217 2889 tenuit
3257 2871 3284 2915 ,
3383 2806 3673 2889 videtur
3764 2805 3997 2890 etiam
4035 2871 4066 2912 ,

1412 2946 1972 3028 HALLERUM
2059 2936 2267 3018 suam
2371 2933 2716 3043 plantam
2802 2955 2953 3043 pro
3013 2934 3296 3021 radiata
3389 2933 3661 3020 habere
3696 3000 3727 3044 ‚
3816 2957 4064 3049 quum

1412 3062 1665 3146 nostra
1729 3062 2040 3150 floribus
2100 3059 2315 3145 nudis
2374 3061 2518 3165 fit„

1547 3188 1877 3276 Nullum
1943 3187 2094 3274 fere
2154 3189 2471 3274 dubium
2535 3188 2644 3273 est
2677 3255 2701 3296 ,
2767 3188 2959 3300 quin-
3006 3190 3096 3276 fit
3158 3191 3509 3311 Petasttes
3541 3189 3797 3278 radice
3827 3214 4065 3276 arun-

1419 3316 1734 3404 dinacea
1768 3386 1794 3427 ,
1838 3316 2028 3433 folio
2087 3311 2412 3430 angulqso
2448 3386 2472 3427 ‚
2524 3311 3094 3431 purpurafiente
3155 3335 3478 3411 STELL.
3532 3313 3862 3433 descript.
3950 3319 4061 3404 L.

1426 3471 1600 3533 rar.
1632 3553 1636 3559 Ι
1663 3445 1903 3561 plant.
1968 3473 2202 3560 quam
2266 3447 2515 3532 scribit
2574 3449 2770 3531 circa
2833 3449 3197 3536 Ira-utiam
3233 3516 3256 3557 ,
3326 3446 3685 3534 Iacutiam
3742 3469 3822 3531 et
3883 3449 4073 3534 inde

1355 3643 1370 3650 -
1417 3580 1516 3662 ad
1579 3601 1953 3661 oceanum
2019 3602 2258 3688 vsque
2294 3644 2319 3685 ‚
2381 3576 2462 3657 in
2529 3566 3060 3686 Kamzschatca
3113 3577 3438 3688 denique
3502 3596 3583 3660 et
3616 3577 3842 3661 insula
3874 3578 4063 3661 Bee-

1419 3708 1651 3815 ringiz‘
1709 3706 1790 3788 in
1855 3706 2148 3815 irriguis
2213 3706 2309 3790 ad
2372 3702 2618 3790 fontes
2674 3723 2755 3785 et
2816 3705 3095 3790 riuulos
3155 3710 3347 3790 intra
3443 3707 3844 3816 equiietum
3922 3706 4066 3791 sub

1419 3832 1660 3918 finem
1733 3833 1927 3920 Maii
1991 3834 2262 3918 florere
2302 3900 2327 3941 ‚
2393 3853 2474 3916 et
2534 3832 2662 3917 sub
2718 3831 2968 3917 finem
3034 3833 3232 3919 Iunii
3295 3833 3577 3917 semina
3660 3833 4065 3945 perficere.

1422 3962 1858 4047 Timidulus
1918 3980 2171 4046 autem
2215 4028 2237 4060 ,
2297 3962 2658 4071 quoniam
2719 3977 3180 4055 STELLERI
3260 3962 3605 4074 plantam
3701 3987 3857 4046 non
3934 3964 4079 4044 vi-

1421 4090 1559 4198 di,
1630 4116 1767 4173 nec
1832 4116 2020 4173 meo
2078 4093 2424 4174 examini
2515 4088 2841 4197 subieci,
2940 4092 3287 4204 quicquid
3387 4104 4074 4184 STELLERIANA

1419 4217 1826 4329 *descriptio
1885 4245 1931 4302 a
1997 4218 2243 4305 nostra
2300 4219 2628 4304 alienum
2695 4238 2822 4305 aut
2879 4219 3128 4304 nostra
3190 4220 3559 4330 copiofius
3630 4219 4007 4333 proponit
4043 4285 4078 4328 ,

1424 4350 1720 4434 adiicio·.
4074 4424 4081 4428 ,

1553 4478 1812 4562 Radix
1876 4478 2370 4562 arundinacea
2405 4544 2431 4585 ,
2531 4477 2624 4562 ad
2706 4477 2897 4562 duos
2953 4477 3246 4563 cubitos
3342 4479 3568 4592 longa
3606 4547 3630 4589 ,
3732 4500 4078 4589 cygneae

1426 4593 1720 4724 pennae
1782 4606 2089 4694 craffitie
2121 4671 2145 4717 ,
2210 4605 2412 4694 fibris
2464 4607 2556 4696 ad
2612 4607 2950 4722 genicula
3034 4630 3345 4723 augetur
3421 4608 3925 4697 triuncialibus
3988 4629 4077 4690 et

3878 4761 4092 4847 qua·
