4378 5721
1398 618 1535 725 ἱμ-
1721 615 1731 625 ’
2300 612 2410 706 11.
2478 604 3126 706 CAPITATAE.

1400 847 1604 955 bra,
1670 843 1836 933 sstis
1893 843 2377 961 asperiustulis
2434 836 2848 953 coronata,
2946 833 3430 953 receptaculo
3522 835 4038 955 corpusculis,

1397 976 1598 1064 inter
1662 975 1859 1087 pilos
1915 1002 1999 1060 er
2055 976 2310 1089 paleas
2367 974 2797 1084 ambiguis,
2860 969 3071 1056 hirto
3128 971 3390 1058 infixa.

1524 1113 2045 1195 GERBERUS
2124 1104 2302 1190 huic
2397 1092 2703 1213 plantae
2746 1095 3241 1213 TawovenJes
3320 1117 3404 1186 et
3463 1088 4026 1213 Bielogrodenses

1399 1253 1721 1340 campos
1777 1227 2112 1341 affignat.
2240 1231 2415 1320 Nos
2476 1254 2581 1315 ex
2640 1228 2833 1316 sicca
2932 1227 3243 1342 planta,
3335 1227 3850 1314 beneuolentia
3910 1222 4033 1312 D.

1400 1369 1802 1453 LERCHE
1847 1378 2221 1471 accepta,
2286 1355 2855 1469 descripfimuS,
2953 1375 3039 1442 et
3113 1359 3474 1444 iconem
3525 1355 3695 1443 fieri
3755 1352 4046 1438 curaui-

1404 1480 1785 1701 ι’ὴπιιὲιὲῃωιὲ
1843 1509 1988 1597 qua
2049 1488 2275 1577 caulis
2334 1483 2880 1604 parsfiuperiot
2933 1505 3017 1575 et
3072 1482 4050 1619 duofoliaradicaliaex·

3590 1690 3629 1733 0

1540 1821 1695 1908 3.7
1766 1803 2309 1900 CARDUUS
2372 1810 2681 1901 inermis
2741 1812 2955 1900 caule
3049 1804 3610 1918 ramofisfimo,
3706 1802 3961 1892 fiunis
3936 1829 4060 1890 m·

1791 1938 2178 2024 feriol-ibus
2238 1940 2627 2051 pinnatis,
2688 1936 3181 2054 superioribus
3240 1936 3688 2047 linearibus,
3725 1936 4056 2046 integer·

1786 2066 2074 2173 rimis,
2139 2066 2330 2152 infi‘a
2389 2068 2783 2177 candidis,
2887 2068 3207 2181 squamis
3265 2064 3589 2179 calicum
3690 2062 4058 2150 lanceola

1789 2196 1951 2300 tis,
2016 2193 2593 2280 abscedentibus
2670 2193 2872 2281 Tab.
2939 2192 3173 2284 XVI

1916 2321 2235 2438 Cusum
2311 2317 2811 2437 polycephalon
2834 2388 2859 2422 ,
2902 2322 3109 2443 soliis
3183 2319 3651 2441 inferioribus
3744 2316 4045 2406 lacinia-

2041 2454 2147 2537 tis
2183 2515 2210 2558 ,
2248 2440 2744 2564 superioribus
2804 2456 3113 2564 integris·
3144 2513 3170 2557 ‚
3209 2448 3464 2566 stahtus
3522 2449 3801 2535 incanis
3835 2515 3860 2558 ,
3921 2471 4045 2533 ca-

2032 2576 2292 2690 pitulis
2343 2583 2613 2692 paruis
2660 2585 3058 2696 pwpweis
3116 2591 3414 2674 GERB.
3464 2575 3670 2664 Tan.
3739 2602 3794 2660 n
3870 2600 4017 2679 99·

1913 2700 2147 2797 Iacca
2205 2703 2576 2791 Tatarica
2630 2701 2925 2822 ramosa
2962 2773 2987 2816 ,
3050 2707 3254 2796 caule
3286 2705 3487 2795 alato
3519 2772 3545 2815 ‚
3565 2701 3776 2823 foliis
3824 2707 4048 2793 tenu&

2052 2844 2174 2917 ter
2242 2829 2613 2921 laciniatis
2645 2896 2672 2941 ‚
2744 2826 3001 2944 fitbtus
3037 2841 3401 2949 argenteis
3433 2900 3460 2945 ,
3494 2833 3819 2952 floribus
3863 2847 4056 2950 par·

2049 2961 2180 3046 vis
2231 2963 2624 3076 puspweis
2682 2972 2966 3053 GERB.
3014 2962 3118 3049 H.
3159 2967 3350 3082 ficc.

1532 3157 1828 3252 DIffert
1884 3177 1934 3243 a
1995 3150 2235 3266 priori
2273 3214 2298 3263 ‚
2366 3156 2575 3268 quod
2637 3148 2997 3241 foliorum
3060 3153 3371 3243 laciniae
3427 3156 3739 3243 lineares
3804 3168 3888 3239 et
3918 3151 4062 3239 vix

1413 3313 1756 3405 ‘mquam
1823 3286 2167 3372 dentatae
2224 3282 2434 3390 fint}
2500 3293 2579 3369 et
2641 3282 2966 3368 caulibus
3029 3286 3190 3371 iam
3259 3285 3447 3371 infla
3511 3287 3862 3372 medium
3939 3308 4062 3366 ra·

1414 3419 1649 3507 mosis
1682 3482 1709 3527 ‚
1767 3414 1997 3505 ramis
2053 3410 2421 3530 plerisque
2483 3409 2725 3523 ipsam
2789 3410 3019 3495 caulis
3081 3412 3602 3499 summitatem
3682 3415 4060 3521 attingen-

1420 3548 1624 3633 tibus
1638 3613 1662 3657 ,
1680 3566 1764 3630 et
1800 3567 1939 3655 per
1971 3556 2221 3623 totam
2256 3539 2806 3650 longitudinem
2844 3538 3179 3627 ramulos
3213 3540 3673 3626 secundarios
3707 3540 4063 3624 emitten-

1418 3676 1623 3760 tibus
1655 3740 1681 3782 ‚
1742 3671 1937 3759 foliis
1993 3689 2233 3779 porto
2288 3663 2772 3778 superioribus
2835 3667 3058 3752 caulis
3115 3689 3196 3756 et
3248 3693 3641 3756 ramorum
3704 3666 4063 3752 omnibus

1419 3803 1740 3891 indiuifis
1774 3862 1800 3908 ‚
1865 3795 2262 3883 linearibus
2297 3857 2325 3901 ‚
2399 3795 2714 3908 denique
2813 3796 3153 3907 capitulis
3252 3797 3504 3884 multo
3598 3794 4052 3882 minotibus.

1420 3925 1700 4018 Caules
1757 3926 1941 4010 nudi
2004 3945 2132 4008 aut
2187 3921 2359 4007 alati
2420 3920 2584 4005 sunt
2623 3986 2647 4031 ,
2708 3921 3155 4034 lanuginofi,

1550 4054 1651 4143 B·
1714 4068 2228 4153 GERBERUS
2277 4051 2356 4133 in
2418 4053 2714 4161 campis
2777 4050 3054 4161 apricis
3083 4052 3603 4168 Tandenszbus·
3645 4050 3829 4162 legit
3869 4111 3897 4160 ‚
3930 4073 4057 4134 cu·

1418 4187 1538 4278 ius
1596 4185 1868 4272 ficcam
1938 4184 2277 4296 plantari
2339 4177 2759 4263 liberalitati
2814 4177 2930 4264 D.
2974 4191 3374 4272 LERCHE
3420 4180 3809 4264 debemus.
3932 4195 3939 4200 ’

1546 4311 1738 4400 Icon
1801 4311 2265 4425 superiorem
2327 4304 2555 4391 caulis
2610 4325 2916 4420 partem
2994 4327 3071 4394 et
3126 4331 3366 4393 vnum
3447 4305 3720 4394 folium
3783 4329 3889 4392 ex
3947 4306 4062 4390 in·

1421 4443 1813 4530 serioribus
1873 4438 2217 4525 exhibet.

1555 4580 1710 4674 38.
1778 4556 2316 4661 CARDUUS
2369 4560 2581 4657 caule
2613 4560 2916 4656 ramoib
2952 4628 2980 4677 ‚
3028 4558 3228 4652 souis
3279 4562 3736 4680 pinnatifidis
3774 4626 3801 4672 ,
3837 4558 4067 4674 fblio-
