4378 5721
1256 628 1377 734 11.
1443 618 2083 752 cAperrAa
2462 591 2476 603 ’
2881 631 3005 742 ,σς

377 862 593 954 raetis
629 924 654 966 ,
719 855 1045 956 Tataris
1108 879 1186 946 et
1249 859 1676 976 Bqschciris
1747 861 2102 949 effoditur
2163 877 2243 945 et
2305 859 2493 947 cibis
2542 859 2949 948 adhibetur
2982 931 3008 976 ,

370 1014 498 1082 nec
560 993 955 1075 minorem
1027 991 1220 1077 illius
1281 990 1730 1082 suauitatem
1798 992 2441 1102 deprehendimus
2469 1058 2496 1098 ‚
2601 1019 2829 1103 quam
2894 1019 3016 1078 ra·-

363 1117 534 1202 dicis
594 1121 798 1234 cirfii
860 1148 1009 1223 44.
1077 1123 1375 1224 Eodem
1440 1129 1677 1211 etiam
1722 1195 1744 1233 ‚
1809 1148 2042 1234 quarn
2108 1122 2326 1208 huius
2364 1185 2387 1229 ,
2451 1123 2772 1238 nomine
2807 1124 3009 1235 apud

367 1244 696 1334 Tataros
763 1243 1375 1363 Krasnojarenses
1441 1255 1854 1366 insignitur.

481 1372 738 1462 Caulis
799 1399 925 1463 aut
959 1400 1324 1490 quantum
1360 1405 1684 1495 apparet
1717 1383 1954 1468 nullus
1973 1445 1997 1486 ,
2067 1398 2200 1463 aut
2236 1380 2376 1463 vix
2407 1379 2765 1493 palmaris
2803 1442 2827 1487 ‚
2877 1399 3008 1466 aut

356 1505 639 1615 pedalis
674 1573 701 1615 ,
760 1509 854 1593 ad
915 1506 1549 1620 lesquicubitalem
1633 1514 2009 1597 interdum
2047 1574 2071 1616 ,
2134 1509 2525 1594 auriculari
2558 1509 2805 1621 digito
2869 1533 3009 1620 pa·-

360 1657 525 1719 rum
591 1639 896 1722 tenuior
933 1702 957 1742 ,
1021 1663 1565 1751 nonnunquam
1635 1661 1834 1726 totus
1897 1639 2217 1744 rubenS‚
2321 1640 2700 1724 interdum
2766 1638 3006 1724 lituris

356 1765 557 1872 quafi
625 1765 1055 1850 rubentibus
1116 1771 1583 1880 maculatus,
1649 1790 1776 1857 aut
1839 1768 2074 1862 etiam
2138 1784 2345 1851 totus
2431 1768 2691 1853 viridis
2724 1832 2749 1866 ,
2800 1764 3003 1854 sum-

357 1892 721 1979 mitatem
793 1894 1032 1980 versus
1089 1895 1398 1982 sulcatus
1435 1965 1458 2006 ,
1526 1920 1746 2011 atque
1812 1916 2014 1984 totus
2075 1896 2418 1983 breuibus
2480 1897 2653 2007 pilis
2730 1893 2998 2010 hirtus5

483 2022 704 2107 Folia
769 2026 849 2108 in
920 2024 1132 2110 caule
1184 2024 1601 2139 ‘frequentia
1637 2096 1660 2138 ,
1742 2027 2107 2140 palmaria
2130 2010 2172 2135 ',
2239 2024 2704 2110 dodmntalia
2765 2042 2846 2107 et
2895 2022 3004 2106 se-

348 2152 768 2261 mipedalia
804 2221 826 2262 ,
888 2153 1152 2240 mollia
1188 2222 1212 2264 ,
1276 2157 1638 2267 prolimde
1704 2154 1978 2243 venoffi
2015 2220 2038 2263 ,
2144 2153 2419 2269 pallida
2457 2218 2481 2264 ‚
2560 2153 2645 2237 in
2707 2153 3004 2239 ambitu

345 2303 450 2364 ex
519 2281 815 2366 finuoib
861 2285 1179 2368 dentata
1217 2353 1238 2391 ,
1320 2286 1821 2399 aliquomodo
1893 2285 2126 2396 crispa
2167 2352 2192 2395 ,
2292 2302 2371 2368 et
2435 2282 2770 2393 pluribus
2831 2282 3002 2386 lon,-

335 2411 457 2517 gis
524 2409 1009 2522 breuibusque
1069 2417 1339 2498 aculeis
1396 2436 1684 2503 armata
1714 2483 1737 2524 ,
1794 2417 2005 2526 supra
2040 2414 2213 2524 pilis
2248 2477 2271 2518 ,
2348 2411 2536 2494 infra
2602 2408 2821 2495 molli
2887 2408 2999 2492 al-

336 2537 725 2644 benteque
787 2537 1135 2646 lanugine
1202 2542 1472 2623 hirsuta
1507 2607 1531 2646 ,
1634 2544 1888 2624 media
1947 2541 2148 2622 costa
2231 2539 2679 2644 plerumque
2742 2560 2788 2615 e
2823 2539 2998 2619 vio-

342 2660 570 2747 laceo
636 2661 954 2746 rubente
990 2730 1013 2774 ‚
1073 2684 1153 2746 et
1215 2665 1460 2776 longis
1520 2666 1695 2774 pilis
1754 2663 2110 2773 adspersa.
2241 2660 2630 2748 Radicalia
2670 2658 2868 2743 hisce
2904 2661 2999 2746 fi-

346 2790 574 2887 milia
644 2788 811 2874 sunt
846 2855 869 2899 ,
937 2812 1025 2875 vt
1087 2810 1168 2874 et
1231 2791 1357 2875 illa
1393 2855 1416 2897 ,
1499 2816 1688 2902 quae
1756 2795 1832 2874 in
1894 2788 2103 2875 caule
2165 2786 2438 2871 humili
2537 2807 2993 2911 occurrunt,

344 2944 542 3030 quae
604 2918 822 3007 illum
907 2935 1228 3033 propter
1290 2919 1603 3032 copiam
1669 2918 1873 3005 suam
1907 2916 2060 3003 sere
2093 2913 2620 3033 abscondunt,
2685 2938 2778 3003 vt
2826 2918 2990 3023 nub·

345 3050 454 3135 lus
515 3067 907 3160 appareat.
1742 3070 1750 3077 ·
1908 3110 1917 3117 .
2064 3104 2078 3121 κ
2915 3154 2918 3159 ¹
2969 3116 2976 3123 .

466 3175 837 3289 Capitula
900 3181 979 3263 in
1043 3185 1326 3267 vertice
1383 3182 1607 3268 caulis
1660 3181 2007 3295 quinque,
2050 3196 2133 3263 et
2194 3177 2324 3264 sex
2355 3246 2384 3290 ,
2450 3178 2892 3290 pedunculis
2948 3203 2995 3265 e

343 3308 699 3393 violaceo
763 3313 1152 3420 purpureis
1182 3375 1209 3416 ,
1277 3311 1693 3396 vncialibus
1755 3334 1833 3395 et
1899 3308 2320 3397 minoribus
2356 3376 2380 3419 ,
2441 3333 2546 3393 ex
2579 3307 2689 3394 ala
2725 3311 2988 3394 mino-

342 3438 441 3529 ris
503 3433 677 3519 folii
736 3438 1261 3547 prodeuntibus
1296 3505 1320 3546 ,
1422 3437 1869 3546 inermibu5‚
1972 3440 2187 3525 breui
2279 3459 2546 3525 tamen
2641 3437 2995 3548 lanugine

343 3560 768 3677 conspicuis
805 3632 828 3675 ‚
892 3568 1148 3651 innixa
1186 3634 1211 3676 ‚
1270 3568 1670 3674 cylindrica
1706 3635 1731 3677 ,
1789 3570 1968 3653 nisi
2032 3568 2239 3679 quod
2326 3565 2636 3681 inferius
2736 3566 2994 3676 paullo
3107 3612 3110 3615 ι

348 3712 719 3802 turgeant.
846 3690 1129 3780 Calicis
1185 3695 1656 3806 squamarum
1721 3700 2240 3782 extremitates
2296 3694 2616 3805 fimplici
2653 3693 2933 3804 spinula
2970 3760 2995 3802 ,

355 3847 518 3906 non
575 3823 996 3909 admodum
1057 3824 1306 3936 aspera
1345 3890 1368 3933 ,
1429 3825 1757 3938 spadicea
1795 3894 1818 3935 ,
1882 3853 2152 3937 parum
2218 3825 2508 3931 reflexa
2542 3885 2565 3928 ,
2607 3824 2992 3932 praeditae

350 3948 533 4036 sunt.
666 3952 982 4038 Flosculi
1041 3951 1611 4065 purpurascunt‚
1671 3974 1751 4040 et
1811 3946 2131 4040 anterius
2222 3956 2304 4039 in
2366 3953 2689 4065 quinque
2750 3976 2988 4062 angu-

352 4080 490 4189 aas
522 4147 550 4187 ,
615 4077 769 4163 fere
829 4084 1174 4194 aequales
1206 4149 1228 4189 ,
1295 4083 1596 4170 lacinias
1656 4084 1985 4169 secantur
2019 4149 2042 4191 ,
2145 4083 2510 4195 posterius
2573 4079 2653 4163 in
2712 4082 2984 4167 tubum

345 4210 641 4297 circiter
695 4208 1295 4321 sesquiuncialem
1339 4280 1362 4321 ‚
1426 4214 1637 4324 supra
1697 4238 2157 4325 purpureum
2195 4278 2220 4322 ,
2289 4209 2477 4297 infra
2508 4210 2920 4295 candidum
2964 4278 2988 4318 ‚

348 4335 910 4423 contrahuntur.
1048 4343 1388 4427 Anthera
1490 4343 1811 4427 florente
1916 4343 2175 4452 planta
2271 4341 2645 4448 eleganter
2739 4340 2984 4449 rubet.

348 4461 656 4551 Semina
759 4469 1095 4582 oblonga
1156 4492 1237 4556 et
1300 4470 1717 4582 paullulum
1824 4471 2157 4581 depreflii
2196 4535 2221 4577 ‚
2286 4467 2545 4579 glabra
2580 4531 2606 4575 ,
2706 4466 2990 4579 plumis

353 4595 565 4680 vncia
625 4594 1087 4708 longioribus
1120 4665 1144 4707 ‚
1209 4602 1291 4683 in
1356 4602 1640 4687 vertice
1701 4620 2066 4689 exornata
2104 4665 2129 4711 ,
2213 4617 2294 4687 et
2350 4598 2548 4685 inter
2604 4596 2805 4713 pilos
2870 4622 2986 4684 re-

410 4722 617 4821 Flor.
658 4723 893 4815 Sibir.
933 4729 1136 4816 Tom.
1175 4729 1280 4817 11.
1657 4726 1699 4813 Ι
2721 4744 2982 4841 cepta-
