4378 5721
1980 275 2023 310 *
2180 307 2183 310 Δ

1429 599 1626 714 '184
1742 697 1750 708 ,
1964 611 1977 622 ’
2036 605 2185 694 IV.
2253 593 2812 694 FLORIBVS
2877 601 3487 698 ‘RAD1Am.

1563 843 1659 929 In
1724 791 1926 931 siccis
1985 840 2172 927 locis
2268 844 2635 930 humilior
2698 845 2809 931 est
2867 866 2949 931 et
3012 846 3433 934 finticofior
3472 912 3494 956 ‚
3563 848 3641 932 in
3706 845 4093 934 montibm

1436 975 1586 1060 stre
1651 973 1944 1084 semper
2007 972 2416 1069 fruticosus.

1574 1163 1827 1254 Caulis
1886 1190 1965 1254 et
2024 1169 2203 1256 folia
2236 1237 2261 1279 ,
2326 1169 2675 1281 inprimis
2730 1194 2975 1282 prope
3033 1169 3369 1272 radicem
3413 1237 3438 1280 ,
3500 1196 3662 1256 non
3725 1197 3898 1256 raro
3933 1197 4097 1281 per-

1437 1324 1666 1411 quam
1732 1295 2007 1384 hirsuta
2069 1296 2228 1383 sunt
2249 1364 2273 1408 ,
2338 1299 2530 1385 haec
2594 1323 2832 1408 porro
2898 1298 3113 1382 venis
3192 1301 3334 1384 vix
3399 1300 3568 1416 vlhs
3645 1299 4037 1411 conspicua
4068 1365 4092 1407 ‚

1440 1446 1521 1510 et
1586 1427 1826 1512 subito
1906 1429 1985 1510 in
2049 1453 2508 1513 mucronem
2613 1429 3021 1512 terminata
3057 1493 3082 1535 ,
3151 1430 3233 1511 in
3295 1427 3720 1513 siccioribus
3822 1427 4093 1540 plantis

1439 1552 1737 1665 semper
1797 1553 2053 1644 obtuta
2089 1623 2116 1665 ‚
2176 1559 2256 1640 in
2321 1554 2755 1640 laetioribus
2824 1557 3162 1664 acutiora
3195 1621 3220 1666 ,
3285 1554 3590 1640 inbinde
3687 1558 3928 1642 etiam
3992 1555 4092 1639 la-

1441 1684 1636 1769 tiora
1672 1751 1697 1792 ‚
1760 1685 2000 1794 magis
2059 1704 2184 1770 aut
2250 1687 2502 1770 minus
2598 1683 2910 1791 viridia,
2976 1702 3053 1767 et
3121 1709 3668 1794 nonnunquam
3769 1685 4038 1768 incana
4071 1749 4096 1790 ,

1440 1833 1572 1896 aut
1666 1816 2007 1922 cinerea,
2108 1814 2400 1925 semper
2495 1811 2739 1897 scabra
2772 1879 2797 1919 ,
2860 1832 2938 1894 et
3000 1840 3092 1896 re
3140 1813 3372 1932 veluti
3452 1814 3693 1897 aliena
3793 1811 4084 1924 asper-fia.

1437 1936 1695 2033 caulis
1757 1941 2083 2028 altitudo
2142 1947 2341 2028 inter
2399 1942 2828 2054 palmarem
2893 1959 2974 2023 et
3011 1940 3514 2026 tricubitalem
3568 1943 3812 2027 variat
3850 2007 3875 2049 ,
3910 1946 4083 2026 eius-

1438 2095 1584 2181 que
1647 2071 1863 2155 status
1921 2097 2473 2182 nonnunquam
2540 2068 2827 2153 erectus
2889 2069 2998 2151 est
3032 2136 3057 2173 ,
3123 2095 3668 2182 nonnunquam
3701 2067 3911 2183 supra
3946 2092 4094 2155 ter·

1437 2224 1605 2290 ram
1673 2201 2154 2312 aliquousque
2218 2198 2449 2308 serpit
2471 2265 2496 2303 ,
2559 2222 2663 2280 ex
2724 2223 2883 2308 quo
2950 2198 3270 2290 demum
3336 2201 3529 2282 rami
3596 2198 3789 2283 resti
3849 2201 3929 2283 in
3994 2197 4087 2283 al-

1437 2343 1615 2412 tum
1678 2325 1975 2437 surgunt
2010 2393 2035 2431 ,
2101 2327 2488 2412 interdum
2554 2326 2818 2410 leuiter
2874 2325 3099 2409 caulis
3158 2330 3595 2436 procumbit
3628 2392 3653 2435 ,
3719 2348 3850 2412 aut
3901 2350 4088 2412 mox

1433 2456 1742 2567 oblique
1803 2453 2153 2540 ascendit.
2280 2456 2418 2541 Est
2485 2479 2716 2565 porro
2778 2454 3138 2563 aequabili
3198 2481 3740 2568 nonnunquam
3794 2455 4085 2565 superfi-

1433 2586 1551 2670 cie
1588 2650 1612 2692 ,
1677 2582 1976 2669 subinde
2054 2582 2460 2669 secundum
2557 2565 3112 2693 longitudinem
3183 2583 3464 2668 striatus
3497 2652 3524 2694 ‚
3627 2582 4091 2670 craffiulculoe

1434 2731 1564 2799 aut
1632 2715 1931 2824 tenuis;
1997 2710 2162 2824 Ipse
2227 2713 2373 2797 flos
2434 2711 2965 2821 magnitudine
3026 2729 3108 2797 et
3168 2711 3427 2796 colore
3460 2712 3711 2821 radii,
3751 2713 4090 2798 intensius

1435 2858 1569 2926 aut
1627 2839 1992 2949 remiffius
2075 2865 2457 2950 purpureo
2522 2856 2601 2919 et
2668 2835 3326 2926 semiflostulorum
3424 2836 3809 2927 latitudine
3907 2842 4088 2926 adeo

1436 2971 1671 3053 variat
1707 3033 1732 3077 ‚
1798 2985 1887 3050 vt
1953 2968 2090 3049 vix
2145 2968 2300 3051 duo
2363 2965 2730 3074 exempla
2793 2964 3062 3051 fimilia
3126 2968 3491 3054 inuenias.
3620 2967 3950 3083 Semper
3984 2988 4086 3052 ta-

1437 3120 1629 3183 men
1693 3095 1919 3179 multi
1977 3093 2259 3181 flosculi
2318 3092 2601 3204 ligulati
2665 3092 2749 3175 in
2815 3094 3027 3179 radio
3092 3095 3250 3180 sunt
3286 3163 3310 3204 ‚
3374 3118 3455 3181 et
3518 3098 3723 3184 arcte
3802 3095 4091 3210 dispofi·

1435 3226 1524 3309 ti.
1658 3220 1981 3311 Flosculi
2044 3222 2221 3307 disci
2295 3223 2538 3331 magis
2597 3239 2680 3304 et
2744 3223 2991 3308 minus
3047 3222 3360 3310 ‚intenso
3425 3227 3625 3312 flauo
3658 3227 3923 3312 colore
3958 3252 4084 3311 va-

1436 3356 1662 3442 riant.
1795 3347 2014 3436 Calix
2080 3351 2232 3435 fere
2299 3352 2378 3434 in
2442 3352 2718 3434 orbem
2789 3354 3270 3463 expanditur.
3333 3352 3644 3467 Pappus
3727 3356 4087 3440 ssminum
4147 3384 4152 3388 ·

1438 3483 1696 3568 heluus
1757 3480 1860 3565 est
1894 3546 1918 3587 ,
1991 3480 2281 3564 semina
2377 3475 2692 3584 hirsuta,
2760 3479 3008 3565 calicis
3040 3479 3391 3592 squamae
3447 3509 3552 3568 ex
3613 3485 3872 3568 lineari
3938 3483 4085 3566 lan-

1440 3611 1802 3702 ceolatae.
1939 3604 2186 3694 Status
2250 3605 2701 3691 vmbellatus
2759 3633 2918 3692 non
2984 3632 3393 3720 perpetuus
3470 3613 3580 3698 est
3613 3678 3638 3718 ,
3741 3631 3822 3695 et
3887 3609 4089 3722 saepe

1442 3739 1704 3823 videas
1792 3735 2030 3828 caules
2093 3738 2188 3818 ab
2255 3738 2423 3825 imo
2481 3735 2575 3819 ad
2643 3734 3030 3821 summum
3091 3764 3327 3850 vsque
3387 3741 3769 3849 ramosOS,
3847 3742 4092 3825 necin

1441 3866 1871 3985 summitate
1936 3869 2017 3950 in
2081 3865 2365 3949 eodem
2463 3864 2701 3979 plano
2791 3886 3328 3952 concurrentes.

1572 4059 1823 4147 Radix
1888 4057 2267 4144 interdum
2328 4058 2601 4167 exigua
2666 4058 2813 4164 est,
2879 4056 3093 4168 saepe
3154 4060 3385 4170 longe
3442 4062 3667 4169 repit.

1440 4176 1448 4185 ⁴
1571 4187 1798 4302 Aster
1863 4185 2353 4273 Americanus
2394 4179 2800 4297 frutescens
2843 4251 2866 4291 ‚
2918 4187 3312 4274 Satwet‘ae
3348 4186 3561 4305 foliis
3605 4183 3896 4296 stabris
3912 4259 3937 4303 ,
3950 4193 4094 4307 fla

1422 4315 1649 4402 'ribus
1708 4312 1970 4427 amplis
2005 4379 2030 4419 ,
2071 4311 2415 4426 saturate
2452 4313 2796 4400 violaceis
2829 4331 3107 4408 PLUK.
3160 4314 3362 4407 Alm.
3458 4322 3607 4417 56.
3679 4321 3882 4405 Tab.
3963 4349 4096 4427 14.

1444 4444 1612 4552 Fig.
1680 4463 1762 4545 7.
1835 4442 1938 4527 illi
2006 4448 2345 4528 vanetati
2379 4511 2402 4552 ,
2471 4468 2662 4553 quae
2722 4442 2923 4528 foliis
2982 4444 3090 4526 est
3145 4443 3529 4531 latiusculis
3588 4463 3670 4528 et
3727 4451 4102 4537 viridiori·

1445 4563 1643 4683 bus3
1703 4572 1927 4694 sister
1991 4572 2411 4695 Africanus
2450 4638 2475 4685 ,
2535 4562 2853 4685 ramosus
2883 4637 2909 4684 ‚
2938 4566 3203 4691 Izyffopi
3239 4560 3461 4695 Ῑοῖὶἰζσ
3495 4640 3520 4688 ,
3563 4574 3890 4691 floribus
3941 4604 4099 4666 cae-
