4378 5721
965 654 1533 756 FLORIBVS
1595 658 2883 771 RADIAT13.147

291 893 967 1047 quadriuncialibus‚
1030 918 1249 983 extra
1310 898 2050 1008 purpurascentibuS,
2112 890 2444 1004 glabris,
2486 890 2679 977 intus
2730 918 2901 976 me·

294 1023 463 1107 dnlla
521 1028 840 1111 candida
864 994 1158 1110 finctis
1225 1045 1304 1110 et
1368 1027 1690 1137 aliquam
1761 1048 2054 1136 partem
2147 1023 2511 1106 fistulosis.
2646 1019 2897 1133 Sapor

287 1154 516 1236 radicis
580 1155 846 1240 leuiter
904 1157 1011 1239 est
1072 1157 1550 1260 amaricans,
1634 1176 1713 1241 et
1774 1155 2002 1239 radici
2078 1153 2627 1262 Imperatoriae
2727 1177 2906 1234 ana·

285 1278 488 1389 lngus.

390 1411 600 1493 Folia
663 1413 1009 1496 radicalia
1069 1413 1512 1523 plerumque
1581 1429 1747 1495 tum
1816 1414 2138 1498 demum
2210 1411 2587 1523 prodeunt
2614 1477 2634 1516 ‚
2671 1433 2903 1518 quan·-

286 1535 370 1619 do
428 1539 657 1622 flores
715 1543 1126 1625 marcesunt
1161 1604 1185 1643 ,
1253 1544 1332 1624 in
1392 1538 1830 1651 quibusdam
1906 1561 2164 1625 tamen
2205 1543 2483 1653 plantis
2519 1540 2740 1622 flores
2774 1563 2909 1619 an·

284 1683 633 1751 teuertunt
669 1735 693 1776 ‚
784 1660 1042 1755 'forma
1107 1690 1187 1753 et
1248 1670 1766 1779 magnitudine
1834 1669 2260 1781 tuffilaginis
2329 1668 2655 1779 vulgaris
2713 1665 2911 1749 foliis

284 1792 527 1877 fimilia
589 1795 750 1881 sunt
786 1858 809 1897 ,
879 1801 975 1882 ad
1045 1800 1421 1909 petiolum
1455 1797 1690 1880 etiam
1734 1861 1760 1904 ‚
1837 1797 2141 1882 illorum
2233 1800 2452 1883 instar
2517 1800 2595 1880 in
2664 1795 2914 1879 smum

281 1920 567 2008 exsciffii
608 1991 631 2029 ,
695 1925 908 2038 supra
974 1927 1258 2011 intense
1325 1928 1594 2010 viridia
1658 1944 1733 2008 et
1799 1927 2053 2010 multis
2100 1929 2319 2010 venis
2355 1994 2378 2035 ,
2443 1953 2486 2009 a
2550 1926 2693 2008 leui
2779 1923 2914 2005 ad·

277 2046 616 2134 haerente
683 2075 1043 2139 tomento
1107 2056 1554 2165 plerumque
1617 2055 2027 2138 albentibus
2062 2121 2087 2161 ,
2130 2055 2393 2163 rugosa
2433 2121 2455 2159 ,
2521 2049 2704 2135 insta
2787 2069 2912 2134 to-

275 2178 602 2263 mentola
639 2250 662 2290 ‚
724 2185 1040 2269 candida
1082 2251 1104 2292 ‚
1165 2185 1256 2267 ad
1323 2208 1487 2265 oras
1551 2182 1931 2291 profimdis
2026 2184 2265 2265 crenis
2346 2179 2649 2268 smuosa.

384 2304 674 2418 Scapus
735 2314 1020 2397 erectus
1051 2314 1158 2397 est
1192 2379 1215 2420 ,
1253 2312 1703 2396 dodrantalis
1742 2378 1764 2419 ,
1803 2311 2291 2397 craffiusculus
2329 2378 2352 2419 ,
2389 2331 2582 2394 teres
2619 2375 2642 2416 ,
2703 2308 2913 2392 fisto-

267 2432 438 2518 losus
477 2502 503 2539 ,
569 2438 894 2522 obsolete
957 2434 1277 2543 viridis,
1340 2461 1416 2521 et
1478 2439 1663 2522 striis
1722 2441 1979 2523 leuiter
2037 2439 2723 2549 purpurascentibus
2791 2436 2900 2517 se-

268 2564 607 2645 cundum
673 2560 1225 2671 longitudinem
1292 2566 1528 2644 obiter
1590 2564 1876 2643 striatus
1911 2629 1936 2669 ‚
2000 2585 2355 2645 tomento
2420 2566 2743 2645 candido
2778 2562 2910 2642 ab-

272 2689 521 2772 sterfili
593 2691 906 2773 vestitus
947 2752 969 2795 ‚
1036 2689 1233 2773 foliis
1300 2687 1803 2795 integerrimis
1838 2753 1861 2794 ,
1962 2688 2352 2771 biuncialis
2438 2690 2922 2799 longitudinis

271 2837 337 2900 ot
400 2815 720 2902 vncialis
779 2819 1180 2903 latitudinis
1208 2884 1230 2922 ,
1297 2817 1526 2899 caulis
1589 2815 1818 2898 instar
1882 2814 2213 2899 obsolete
2277 2820 2627 2902 viridibus
2692 2835 2771 2900 et
2805 2817 2916 2899 le-

280 2945 361 3027 vi
422 2971 756 3057 purpura
824 2949 1076 3032 tinctis
1112 3013 1137 3053 ,
1198 2945 1490 3029 alternis
1524 3009 1548 3050 ‚
1620 2961 1975 3053 tanquam
2057 2947 2350 3055 vaginis
2411 2947 2723 3029 cinctus.

401 3075 665 3157 Flores
725 3076 956 3182 thyrsi
1019 3079 1096 3158 in
1164 3074 1493 3157 modum
1560 3096 1889 3155 numero
1955 3071 2406 3184 plerumque
2442 3077 2800 3157 vndecim
2840 3075 2922 3157 in

279 3198 702 3286 summitate
767 3203 987 3286 caulis
1051 3201 1558 3311 disponuntur.
1685 3199 1795 3282 Hi
1859 3200 2174 3310 duplicis
2243 3208 2540 3311 generis
2599 3204 2923 3287 flosculis

276 3332 604 3414 constant
639 3396 662 3435 ‚
724 3358 1085 3441 quorum
1111 3330 1447 3442 plerique
1513 3328 1932 3438 androgyni
1999 3328 2161 3411 sunt
2195 3397 2222 3436 ,
2282 3331 2555 3414 scilicet
2591 3332 2868 3443 pistillo
2899 3396 2925 3438 ,

280 3456 594 3542 flolculis
654 3461 1056 3545 dimidiam
1122 3460 1275 3543 fere
1340 3457 1620 3540 lineam
1684 3458 2033 3564 longiore
2072 3522 2095 3561 ,
2192 3461 2272 3540 in
2333 3461 2599 3569 stigma
2681 3466 2929 3544 claua-

274 3600 435 3670 tum
476 3655 499 3693 ,
576 3606 652 3670 et
712 3588 1056 3697 lanugine
1118 3585 1424 3671 candida
1483 3584 1777 3668 hirtum
1835 3584 2216 3669 defluente
2278 3606 2356 3670 et
2437 3588 2746 3672 anthera
2798 3616 2927 3673 ca-

274 3735 369 3797 va
432 3721 509 3802 in
578 3717 914 3826 apiculos
978 3715 1587 3827 purpurascentes
1648 3714 1859 3796 albos
1916 3714 2241 3826 quinque
2282 3719 2684 3800 terminata
2719 3743 2913 3801 con·-

275 3840 432 3927 flati
471 3912 493 3953 ‚
566 3844 774 3953 supra
839 3846 1298 3958 quinquefidi
1358 3861 1434 3925 et
1509 3841 2113 3953 purpurascentes
2148 3910 2174 3950 ,
2271 3845 2631 3953 reliquam
2748 3871 2925 3956 par-

276 3986 435 4054 tem
500 3973 863 4080 candidi,
926 3973 1107 4058 duas
1169 3973 1398 4055 lineas
1498 3969 1765 4081 longi,
1864 3969 2337 4080 reliquorum
2438 3973 2921 4057 flosculorum

280 4098 730 4187 structuram
792 4111 1346 4191 STELIERUS
1397 4124 1554 4182 non
1617 4102 1946 4210 exponit
1982 4164 2004 4205 ‚
2085 4126 2612 4212 praeterquam
2715 4101 2922 4212 quod

281 4226 476 4313 dicat
523 4297 552 4338 ,
614 4231 867 4313 colore
934 4228 1084 4313 effe
1147 4227 1508 4312 candidos
1540 4292 1565 4335 ,
1622 4246 1701 4309 et
1765 4227 2161 4315 foemellas
2197 4297 2222 4338 ‚
2289 4231 2565 4342 pistillo
2632 4252 2713 4313 et
2760 4257 2932 4340 ger·

283 4358 489 4442 mine
561 4356 977 4440 instructos.
1111 4351 1453 4440 Calicem
1515 4356 2006 4462 cylindricum
2072 4377 2304 4442 vocat
2336 4423 2358 4464 ,
2426 4357 2750 4467 pilosum
2773 4425 2794 4464 ,
2832 4358 2926 4442 ad

287 4486 725 4589 placentam
823 4506 1051 4596 vsque
1144 4483 1458 4568 sedtum.
1610 4481 1924 4572 Semina
1987 4486 2160 4598 pilis
2241 4506 2695 4575 coronantur
2730 4554 2754 4596 ‚
2849 4506 2930 4572 et

280 4608 633 4700 thalamo
696 4612 906 4699 nudo
968 4611 1379 4727 inhaerent.

294 4773 335 4794 ·“
416 4789 423 4792 -
1319 4747 1326 4754 ’
1482 4741 1563 4823 Τ
1630 4767 1688 4821 2
2658 4742 2921 4832 Credi-
