<?xml version="1.0" encoding="UTF-8"?>
<!DOCTYPE html PUBLIC "-//W3C//DTD XHTML 1.0 Transitional//EN"
    "http://www.w3.org/TR/xhtml1/DTD/xhtml1-transitional.dtd">
<html xmlns="http://www.w3.org/1999/xhtml" xml:lang="en" lang="en">
 <head>
  <title>
</title>
<meta http-equiv="Content-Type" content="text/html;charset=utf-8" />
  <meta name='ocr-system' content='tesseract 3.04.00' />
  <meta name='ocr-capabilities' content='ocr_page ocr_carea ocr_par ocr_line ocrx_word'/>
</head>
<body>
  <div class='ocr_page' id='page_1' title='image "./florasibiricasi00gmelgoog_0175.png"; bbox 0 0 4378 5721; ppageno 0'>
   <div class='ocr_carea' id='block_1_1' title="bbox 1017 621 2953 805">
    <p class='ocr_par' dir='ltr' id='par_1_1' title="bbox 1017 608 2953 805">
     <span class='ocr_line' id='line_1_1' title="bbox 1017 621 2953 805; baseline -0.004 -49"><span class='ocrx_word' id='word_1_1' title='bbox 1017 654 1577 805; x_wconf 67' lang='lat' dir='ltr'>FLoRIBVs</span> <span class='ocrx_word' id='word_1_2' title='bbox 1639 656 2205 754; x_wconf 78' lang='lat' dir='ltr'>RADIATls’.</span> <span class='ocrx_word' id='word_1_3' title='bbox 2563 621 2601 713; x_wconf 71' lang='grc' dir='ltr'><em>Γ</em></span> <span class='ocrx_word' id='word_1_4' title='bbox 2771 674 2953 775; x_wconf 76' lang='lat'>145</span> 
     </span>
    </p>
   </div>
   <div class='ocr_carea' id='block_1_2' title="bbox 254 889 2960 2545">
    <p class='ocr_par' dir='ltr' id='par_1_2' title="bbox 254 889 2960 2545">
     <span class='ocr_line' id='line_1_2' title="bbox 318 889 2959 1007; baseline -0 -28"><span class='ocrx_word' id='word_1_5' title='bbox 318 915 484 1007; x_wconf 76' lang='lat' dir='ltr'>pro</span> <span class='ocrx_word' id='word_1_6' title='bbox 546 894 810 982; x_wconf 85' lang='lat' dir='ltr'>eadem</span> <span class='ocrx_word' id='word_1_7' title='bbox 877 895 1131 1007; x_wconf 83' lang='lat' dir='ltr'>planta</span> <span class='ocrx_word' id='word_1_8' title='bbox 1197 895 1461 980; x_wconf 82' lang='lat' dir='ltr'>haberi</span> <span class='ocrx_word' id='word_1_9' title='bbox 1524 892 1799 1006; x_wconf 85' lang='lat' dir='ltr'>poffint</span> <span class='ocrx_word' id='word_1_10' title='bbox 1863 915 1942 979; x_wconf 88' lang='lat' dir='ltr'>et</span> <span class='ocrx_word' id='word_1_11' title='bbox 2003 895 2353 979; x_wconf 83' lang='lat' dir='ltr'>debeant.</span> <span class='ocrx_word' id='word_1_12' title='bbox 2424 889 2638 981; x_wconf 87' lang='lat' dir='ltr'>Prior</span> <span class='ocrx_word' id='word_1_13' title='bbox 2701 895 2959 980; x_wconf 86' lang='lat' dir='ltr'>Petro-</span> 
     </span>
     <span class='ocr_line' id='line_1_3' title="bbox 310 1008 2956 1139; baseline -0.001 -32"><span class='ocrx_word' id='word_1_14' title='bbox 310 1021 476 1139; x_wconf 85' lang='lat' dir='ltr'>poli</span> <span class='ocrx_word' id='word_1_15' title='bbox 541 1027 618 1107; x_wconf 90' lang='lat' dir='ltr'>in</span> <span class='ocrx_word' id='word_1_16' title='bbox 683 1025 828 1109; x_wconf 86' lang='lat' dir='ltr'>olla</span> <span class='ocrx_word' id='word_1_17' title='bbox 888 1025 1060 1109; x_wconf 91' lang='lat' dir='ltr'>loco</span> <span class='ocrx_word' id='word_1_18' title='bbox 1120 1024 1462 1110; x_wconf 76' lang='lat' dir='ltr'>calidiore</span> <span class='ocrx_word' id='word_1_19' title='bbox 1524 1025 1853 1134; x_wconf 80' lang='lat' dir='ltr'>plantata</span> <span class='ocrx_word' id='word_1_20' title='bbox 1920 1023 2261 1108; x_wconf 92' lang='lat' dir='ltr'>flosculos</span> <span class='ocrx_word' id='word_1_21' title='bbox 2326 1008 2630 1133; x_wconf 76' lang='lat' dir='ltr'>&#39;semper</span> <span class='ocrx_word' id='word_1_22' title='bbox 2727 1023 2956 1106; x_wconf 87' lang='lat' dir='ltr'>mini·-</span> 
     </span>
     <span class='ocr_line' id='line_1_4' title="bbox 322 1152 2954 1263; baseline -0.002 -26"><span class='ocrx_word' id='word_1_23' title='bbox 322 1177 507 1237; x_wconf 86' lang='lat' dir='ltr'>mos</span> <span class='ocrx_word' id='word_1_24' title='bbox 573 1172 650 1236; x_wconf 90' lang='lat' dir='ltr'>et</span> <span class='ocrx_word' id='word_1_25' title='bbox 717 1152 1014 1263; x_wconf 85' lang='lat' dir='ltr'>scapum</span> <span class='ocrx_word' id='word_1_26' title='bbox 1081 1153 1479 1263; x_wconf 85' lang='lat' dir='ltr'>ligulatum</span> <span class='ocrx_word' id='word_1_27' title='bbox 1549 1153 1785 1239; x_wconf 88' lang='lat' dir='ltr'>altum</span> <span class='ocrx_word' id='word_1_28' title='bbox 1856 1152 2126 1234; x_wconf 86' lang='lat' dir='ltr'>eodem</span> <span class='ocrx_word' id='word_1_29' title='bbox 2201 1152 2447 1234; x_wconf 89' lang='lat' dir='ltr'>modo</span> <span class='ocrx_word' id='word_1_30' title='bbox 2528 1153 2892 1260; x_wconf 86' lang='lat' dir='ltr'>produxit</span> <span class='ocrx_word' id='word_1_31' title='bbox 2928 1217 2954 1259; x_wconf 83' lang='lat'>,</span> 
     </span>
     <span class='ocr_line' id='line_1_5' title="bbox 321 1279 2955 1393; baseline 0.001 -32"><span class='ocrx_word' id='word_1_32' title='bbox 321 1282 443 1362; x_wconf 83' lang='lat' dir='ltr'>vti</span> <span class='ocrx_word' id='word_1_33' title='bbox 508 1282 588 1362; x_wconf 90' lang='lat' dir='ltr'>in</span> <span class='ocrx_word' id='word_1_34' title='bbox 657 1301 852 1364; x_wconf 88' lang='lat' dir='ltr'>terra</span> <span class='ocrx_word' id='word_1_35' title='bbox 947 1279 1188 1364; x_wconf 85' lang='lat' dir='ltr'>libero</span> <span class='ocrx_word' id='word_1_36' title='bbox 1271 1280 1431 1364; x_wconf 73' lang='lat' dir='ltr'>ab‘ri</span> <span class='ocrx_word' id='word_1_37' title='bbox 1515 1280 1888 1393; x_wconf 74' lang='lat' dir='ltr'>exposita.¹</span> <span class='ocrx_word' id='word_1_38' title='bbox 2001 1279 2299 1364; x_wconf 89' lang='lat' dir='ltr'>Mirum</span> <span class='ocrx_word' id='word_1_39' title='bbox 2375 1279 2611 1362; x_wconf 89' lang='lat' dir='ltr'>etiam</span> <span class='ocrx_word' id='word_1_40' title='bbox 2677 1282 2779 1363; x_wconf 82' lang='lat' dir='ltr'>est</span> <span class='ocrx_word' id='word_1_41' title='bbox 2815 1346 2838 1386; x_wconf 79' lang='lat'>,</span> <span class='ocrx_word' id='word_1_42' title='bbox 2901 1280 2955 1364; x_wconf 86' lang='lat' dir='ltr'>fi</span> 
     </span>
     <span class='ocr_line' id='line_1_6' title="bbox 320 1399 2957 1520; baseline 0.001 -30"><span class='ocrx_word' id='word_1_43' title='bbox 320 1406 642 1491; x_wconf 80' lang='lat' dir='ltr'>‘varietas</span> <span class='ocrx_word' id='word_1_44' title='bbox 704 1410 793 1493; x_wconf 88' lang='lat' dir='ltr'>fit</span> <span class='ocrx_word' id='word_1_45' title='bbox 857 1408 1220 1492; x_wconf 86' lang='lat' dir='ltr'>humilior</span> <span class='ocrx_word' id='word_1_46' title='bbox 1287 1410 1538 1518; x_wconf 86' lang='lat' dir='ltr'>planta</span> <span class='ocrx_word' id='word_1_47' title='bbox 1578 1474 1601 1514; x_wconf 87' lang='lat'>‚</span> <span class='ocrx_word' id='word_1_48' title='bbox 1637 1433 1865 1520; x_wconf 89' lang='lat' dir='ltr'>quare</span> <span class='ocrx_word' id='word_1_49' title='bbox 1899 1409 1992 1492; x_wconf 87' lang='lat' dir='ltr'>ad</span> <span class='ocrx_word' id='word_1_50' title='bbox 2029 1434 2350 1491; x_wconf 90' lang='lat' dir='ltr'>omnem</span> <span class='ocrx_word' id='word_1_51' title='bbox 2406 1399 2748 1518; x_wconf 82' lang='lat' dir='ltr'>Ieniseam</span> <span class='ocrx_word' id='word_1_52' title='bbox 2783 1434 2957 1492; x_wconf 89' lang='lat' dir='ltr'>nus-</span> 
     </span>
     <span class='ocr_line' id='line_1_7' title="bbox 312 1535 2955 1646; baseline 0.002 -30"><span class='ocrx_word' id='word_1_53' title='bbox 312 1559 558 1645; x_wconf 83' lang='lat' dir='ltr'>quam</span> <span class='ocrx_word' id='word_1_54' title='bbox 625 1538 1073 1643; x_wconf 82' lang='lat' dir='ltr'>occurrerit,</span> <span class='ocrx_word' id='word_1_55' title='bbox 1137 1536 1264 1619; x_wconf 86' lang='lat' dir='ltr'>vel</span> <span class='ocrx_word' id='word_1_56' title='bbox 1301 1555 1558 1619; x_wconf 89' lang='lat' dir='ltr'>contra</span> <span class='ocrx_word' id='word_1_57' title='bbox 1597 1602 1619 1643; x_wconf 82' lang='lat'>‚</span> <span class='ocrx_word' id='word_1_58' title='bbox 1658 1559 1886 1646; x_wconf 90' lang='lat' dir='ltr'>quare</span> <span class='ocrx_word' id='word_1_59' title='bbox 1946 1535 2168 1619; x_wconf 88' lang='lat' dir='ltr'>altior</span> <span class='ocrx_word' id='word_1_60' title='bbox 2227 1536 2487 1644; x_wconf 87' lang='lat' dir='ltr'>planta</span> <span class='ocrx_word' id='word_1_61' title='bbox 2523 1538 2716 1619; x_wconf 90' lang='lat' dir='ltr'>circa</span> <span class='ocrx_word' id='word_1_62' title='bbox 2745 1538 2955 1621; x_wconf 84' lang='lat' dir='ltr'>Ircu-</span> 
     </span>
     <span class='ocr_line' id='line_1_8' title="bbox 311 1659 2958 1778; baseline 0.001 -30"><span class='ocrx_word' id='word_1_63' title='bbox 311 1666 507 1748; x_wconf 80' lang='lat' dir='ltr'>tiam</span> <span class='ocrx_word' id='word_1_64' title='bbox 572 1683 649 1746; x_wconf 92' lang='lat' dir='ltr'>et</span> <span class='ocrx_word' id='word_1_65' title='bbox 708 1665 788 1747; x_wconf 94' lang='lat' dir='ltr'>in</span> <span class='ocrx_word' id='word_1_66' title='bbox 853 1659 1246 1778; x_wconf 80' lang='lat' dir='ltr'>Ochotenst</span> <span class='ocrx_word' id='word_1_67' title='bbox 1302 1665 1542 1748; x_wconf 67' lang='lat' dir='ltr'>tractu</span> <span class='ocrx_word' id='word_1_68' title='bbox 1608 1689 1974 1772; x_wconf 83' lang='lat' dir='ltr'>nusquam</span> <span class='ocrx_word' id='word_1_69' title='bbox 2037 1662 2442 1772; x_wconf 65' lang='lat' dir='ltr'>conspecta</span> <span class='ocrx_word' id='word_1_70' title='bbox 2477 1661 2719 1749; x_wconf 89' lang='lat' dir='ltr'>suerit.</span> <span class='ocrx_word' id='word_1_71' title='bbox 2788 1663 2958 1750; x_wconf 44' lang='lat' dir='ltr'>De*</span> 
     </span>
     <span class='ocr_line' id='line_1_9' title="bbox 254 1790 2956 1903; baseline 0 -29"><span class='ocrx_word' id='word_1_72' title='bbox 254 1866 260 1874; x_wconf 90' lang='lat'>.</span> <span class='ocrx_word' id='word_1_73' title='bbox 313 1792 501 1878; x_wconf 85' lang='lat' dir='ltr'>inde</span> <span class='ocrx_word' id='word_1_74' title='bbox 565 1793 945 1903; x_wconf 73' lang='lat' dir='ltr'>Vtriusque</span> <span class='ocrx_word' id='word_1_75' title='bbox 1012 1794 1308 1903; x_wconf 81' lang='lat' dir='ltr'>plantae</span> <span class='ocrx_word' id='word_1_76' title='bbox 1371 1793 1539 1875; x_wconf 88' lang='lat' dir='ltr'>loca</span> <span class='ocrx_word' id='word_1_77' title='bbox 1601 1791 1861 1873; x_wconf 86' lang='lat' dir='ltr'>natalia</span> <span class='ocrx_word' id='word_1_78' title='bbox 1925 1792 2179 1900; x_wconf 79' lang='lat' dir='ltr'>aprica</span> <span class='ocrx_word' id='word_1_79' title='bbox 2242 1790 2401 1873; x_wconf 84' lang='lat' dir='ltr'>sunt</span> <span class='ocrx_word' id='word_1_80' title='bbox 2433 1857 2457 1899; x_wconf 85' lang='lat'>‚</span> <span class='ocrx_word' id='word_1_81' title='bbox 2524 1814 2719 1876; x_wconf 89' lang='lat' dir='ltr'>certe</span> <span class='ocrx_word' id='word_1_82' title='bbox 2782 1794 2910 1877; x_wconf 86' lang='lat' dir='ltr'>illa</span> <span class='ocrx_word' id='word_1_83' title='bbox 2930 1860 2956 1902; x_wconf 83' lang='lat'>‚</span> 
     </span>
     <span class='ocr_line' id='line_1_10' title="bbox 307 1917 2958 2031; baseline 0 -29"><span class='ocrx_word' id='word_1_84' title='bbox 307 1920 530 2002; x_wconf 89' lang='lat' dir='ltr'>cuius</span> <span class='ocrx_word' id='word_1_85' title='bbox 590 1920 811 2011; x_wconf 88' lang='lat' dir='ltr'>flores</span> <span class='ocrx_word' id='word_1_86' title='bbox 872 1920 1095 2007; x_wconf 86' lang='lat' dir='ltr'>valde</span> <span class='ocrx_word' id='word_1_87' title='bbox 1159 1918 1536 2031; x_wconf 86' lang='lat' dir='ltr'><strong>conspicui</strong></span> <span class='ocrx_word' id='word_1_88' title='bbox 1594 1917 1757 2002; x_wconf 91' lang='lat' dir='ltr'>sunt</span> <span class='ocrx_word' id='word_1_89' title='bbox 1794 1985 1819 2025; x_wconf 85' lang='lat'>,</span> <span class='ocrx_word' id='word_1_90' title='bbox 1899 1922 1978 2001; x_wconf 89' lang='lat' dir='ltr'>in</span> <span class='ocrx_word' id='word_1_91' title='bbox 2045 1918 2199 2002; x_wconf 71' lang='lat' dir='ltr'>splo</span> <span class='ocrx_word' id='word_1_92' title='bbox 2278 1918 2715 2004; x_wconf 84' lang='lat' dir='ltr'>humidiore</span> <span class='ocrx_word' id='word_1_93' title='bbox 2783 1940 2958 2003; x_wconf 90' lang='lat' dir='ltr'>nata</span> 
     </span>
     <span class='ocr_line' id='line_1_11' title="bbox 309 2046 2951 2159; baseline 0.001 -30"><span class='ocrx_word' id='word_1_94' title='bbox 309 2048 430 2130; x_wconf 87' lang='lat' dir='ltr'>est</span> <span class='ocrx_word' id='word_1_95' title='bbox 466 2115 490 2157; x_wconf 87' lang='lat'>‚</span> <span class='ocrx_word' id='word_1_96' title='bbox 554 2073 788 2158; x_wconf 89' lang='lat' dir='ltr'>quam</span> <span class='ocrx_word' id='word_1_97' title='bbox 851 2048 1166 2132; x_wconf 76' lang='lat' dir='ltr'>alterius,</span> <span class='ocrx_word' id='word_1_98' title='bbox 1298 2046 1543 2159; x_wconf 85' lang='lat' dir='ltr'>Igitur</span> <span class='ocrx_word' id='word_1_99' title='bbox 1599 2048 2166 2156; x_wconf 68' lang='lat' dir='ltr'>expedtandum</span> <span class='ocrx_word' id='word_1_100' title='bbox 2236 2048 2341 2130; x_wconf 91' lang='lat' dir='ltr'>est</span> <span class='ocrx_word' id='word_1_101' title='bbox 2376 2112 2399 2153; x_wconf 88' lang='lat'>,</span> <span class='ocrx_word' id='word_1_102' title='bbox 2484 2048 2728 2134; x_wconf 89' lang='lat' dir='ltr'>donec</span> <span class='ocrx_word' id='word_1_103' title='bbox 2782 2046 2951 2137; x_wconf 87' lang='lat' dir='ltr'>Cel.</span> 
     </span>
     <span class='ocr_line' id='line_1_12' title="bbox 309 2175 2955 2289; baseline 0.002 -32"><span class='ocrx_word' id='word_1_104' title='bbox 309 2177 446 2258; x_wconf 72' lang='lat' dir='ltr'>vir</span> <span class='ocrx_word' id='word_1_105' title='bbox 511 2175 1054 2260; x_wconf 89' lang='lat' dir='ltr'>obseruationes</span> <span class='ocrx_word' id='word_1_106' title='bbox 1111 2176 1264 2260; x_wconf 87' lang='lat' dir='ltr'>suas</span> <span class='ocrx_word' id='word_1_107' title='bbox 1322 2201 1500 2260; x_wconf 90' lang='lat' dir='ltr'>cum</span> <span class='ocrx_word' id='word_1_108' title='bbox 1568 2175 1869 2285; x_wconf 88' lang='lat' dir='ltr'>publico</span> <span class='ocrx_word' id='word_1_109' title='bbox 1935 2178 2464 2263; x_wconf 87' lang='lat' dir='ltr'>communicet</span> <span class='ocrx_word' id='word_1_110' title='bbox 2498 2242 2520 2283; x_wconf 87' lang='lat'>,</span> <span class='ocrx_word' id='word_1_111' title='bbox 2617 2202 2723 2261; x_wconf 86' lang='lat' dir='ltr'>ex</span> <span class='ocrx_word' id='word_1_112' title='bbox 2787 2178 2955 2289; x_wconf 81' lang='lat' dir='ltr'>qui-</span> 
     </span>
     <span class='ocr_line' id='line_1_13' title="bbox 305 2302 2958 2417; baseline 0.002 -32"><span class='ocrx_word' id='word_1_113' title='bbox 305 2302 455 2385; x_wconf 89' lang='lat' dir='ltr'>bus</span> <span class='ocrx_word' id='word_1_114' title='bbox 518 2302 956 2389; x_wconf 88' lang='lat' dir='ltr'>luculentius</span> <span class='ocrx_word' id='word_1_115' title='bbox 1015 2322 1272 2414; x_wconf 85' lang='lat' dir='ltr'>pateat</span> <span class='ocrx_word' id='word_1_116' title='bbox 1308 2369 1331 2409; x_wconf 85' lang='lat'><strong>,</strong></span> <span class='ocrx_word' id='word_1_117' title='bbox 1400 2304 1576 2413; x_wconf 91' lang='lat' dir='ltr'>quid</span> <span class='ocrx_word' id='word_1_118' title='bbox 1642 2302 2104 2391; x_wconf 89' lang='lat' dir='ltr'>sentiendum</span> <span class='ocrx_word' id='word_1_119' title='bbox 2169 2304 2284 2389; x_wconf 89' lang='lat' dir='ltr'>fit.</span> <span class='ocrx_word' id='word_1_120' title='bbox 2413 2303 2548 2389; x_wconf 84' lang='lat' dir='ltr'>Ex</span> <span class='ocrx_word' id='word_1_121' title='bbox 2612 2306 2752 2390; x_wconf 87' lang='lat' dir='ltr'>illis</span> <span class='ocrx_word' id='word_1_122' title='bbox 2792 2306 2958 2417; x_wconf 86' lang='lat' dir='ltr'>qui-</span> 
     </span>
     <span class='ocr_line' id='line_1_14' title="bbox 302 2426 2960 2545; baseline 0.003 -32"><span class='ocrx_word' id='word_1_123' title='bbox 302 2432 501 2514; x_wconf 89' lang='lat' dir='ltr'>dem</span> <span class='ocrx_word' id='word_1_124' title='bbox 542 2495 564 2533; x_wconf 87' lang='lat'>,</span> <span class='ocrx_word' id='word_1_125' title='bbox 622 2456 812 2539; x_wconf 86' lang='lat' dir='ltr'>quae</span> <span class='ocrx_word' id='word_1_126' title='bbox 877 2433 961 2515; x_wconf 92' lang='lat' dir='ltr'>in</span> <span class='ocrx_word' id='word_1_127' title='bbox 1027 2431 1237 2516; x_wconf 77' lang='lat' dir='ltr'>horto</span> <span class='ocrx_word' id='word_1_128' title='bbox 1298 2426 1700 2544; x_wconf 84' lang='lat' dir='ltr'>Vpsalienfi</span> <span class='ocrx_word' id='word_1_129' title='bbox 1764 2430 2051 2539; x_wconf 90' lang='lat' dir='ltr'>profert</span> <span class='ocrx_word' id='word_1_130' title='bbox 2088 2498 2111 2537; x_wconf 88' lang='lat'>,</span> <span class='ocrx_word' id='word_1_131' title='bbox 2168 2433 2465 2524; x_wconf 71' lang='lat' dir='ltr'>,merito</span> <span class='ocrx_word' id='word_1_132' title='bbox 2529 2437 2696 2545; x_wconf 89' lang='lat' dir='ltr'>quis</span> <span class='ocrx_word' id='word_1_133' title='bbox 2766 2437 2960 2521; x_wconf 87' lang='lat' dir='ltr'>iudi-</span> 
     </span>
    </p>
   </div>
   <div class='ocr_carea' id='block_1_3' title="bbox 289 2553 3131 2669">
    <p class='ocr_par' dir='ltr' id='par_1_3' title="bbox 289 2553 3131 2669">
     <span class='ocr_line' id='line_1_15' title="bbox 289 2553 3131 2669; baseline 0.001 -28"><span class='ocrx_word' id='word_1_134' title='bbox 289 2575 429 2641; x_wconf 88' lang='lat' dir='ltr'>cet</span> <span class='ocrx_word' id='word_1_135' title='bbox 499 2553 1049 2639; x_wconf 87' lang='lat' dir='ltr'>obseruationes</span> <span class='ocrx_word' id='word_1_136' title='bbox 1108 2560 1300 2640; x_wconf 86' lang='lat' dir='ltr'>circa</span> <span class='ocrx_word' id='word_1_137' title='bbox 1370 2582 1606 2639; x_wconf 83' lang='lat' dir='ltr'>vnam</span> <span class='ocrx_word' id='word_1_138' title='bbox 1644 2560 2112 2663; x_wconf 81' lang='lat' dir='ltr'>eandemque</span> <span class='ocrx_word' id='word_1_139' title='bbox 2145 2559 2469 2640; x_wconf 87' lang='lat' dir='ltr'>radicem</span> <span class='ocrx_word' id='word_1_140' title='bbox 2509 2558 2732 2643; x_wconf 59' lang='lat' dir='ltr'>factas</span> <span class='ocrx_word' id='word_1_141' title='bbox 2770 2563 2959 2669; x_wconf 83' lang='lat' dir='ltr'>effe,</span> <span class='ocrx_word' id='word_1_142' title='bbox 3121 2635 3131 2644; x_wconf 94' lang='lat'><em>.</em></span> 
     </span>
    </p>
   </div>
   <div class='ocr_carea' id='block_1_4' title="bbox 291 2679 2959 2932">
    <p class='ocr_par' dir='ltr' id='par_1_4' title="bbox 291 2679 2959 2932">
     <span class='ocr_line' id='line_1_16' title="bbox 291 2679 2959 2795; baseline -0.002 -28"><span class='ocrx_word' id='word_1_143' title='bbox 291 2709 472 2795; x_wconf 90' lang='lat' dir='ltr'>quo</span> <span class='ocrx_word' id='word_1_144' title='bbox 542 2681 625 2763; x_wconf 91' lang='lat' dir='ltr'>in</span> <span class='ocrx_word' id='word_1_145' title='bbox 685 2681 852 2766; x_wconf 81' lang='lat' dir='ltr'>casu</span> <span class='ocrx_word' id='word_1_146' title='bbox 919 2682 1214 2767; x_wconf 90' lang='lat' dir='ltr'>nullum</span> <span class='ocrx_word' id='word_1_147' title='bbox 1282 2682 1614 2791; x_wconf 90' lang='lat' dir='ltr'>amplius</span> <span class='ocrx_word' id='word_1_148' title='bbox 1674 2679 1990 2764; x_wconf 89' lang='lat' dir='ltr'>dubium</span> <span class='ocrx_word' id='word_1_149' title='bbox 2057 2680 2440 2795; x_wconf 86' lang='lat' dir='ltr'>supererit.</span> <span class='ocrx_word' id='word_1_150' title='bbox 2570 2682 2718 2774; x_wconf 86' lang='lat' dir='ltr'>Sed</span> <span class='ocrx_word' id='word_1_151' title='bbox 2783 2708 2959 2778; x_wconf 78' lang='lat' dir='ltr'>tunc</span> 
     </span>
     <span class='ocr_line' id='line_1_17' title="bbox 297 2805 1998 2932; baseline -0.002 -37"><span class='ocrx_word' id='word_1_152' title='bbox 297 2808 729 2932; x_wconf 86' lang='lat' dir='ltr'>penultima</span> <span class='ocrx_word' id='word_1_153' title='bbox 791 2809 1073 2923; x_wconf 87' lang='lat' dir='ltr'>species</span> <span class='ocrx_word' id='word_1_154' title='bbox 1136 2810 1373 2894; x_wconf 85' lang='lat' dir='ltr'>etiam</span> <span class='ocrx_word' id='word_1_155' title='bbox 1440 2810 1581 2894; x_wconf 85' lang='lat' dir='ltr'>erit</span> <span class='ocrx_word' id='word_1_156' title='bbox 1645 2805 1998 2919; x_wconf 70' lang='lat' dir='ltr'>suspesta.</span> 
     </span>
    </p>
   </div>
   <div class='ocr_carea' id='block_1_5' title="bbox 459 2977 2958 3384">
    <p class='ocr_par' dir='ltr' id='par_1_5' title="bbox 459 2977 2958 3384">
     <span class='ocr_line' id='line_1_18' title="bbox 459 2977 2958 3123; baseline 0.006 -37"><span class='ocrx_word' id='word_1_157' title='bbox 459 3026 663 3113; x_wconf 83' lang='lat'>125.</span> <span class='ocrx_word' id='word_1_158' title='bbox 730 2984 1356 3092; x_wconf 86' lang='lat' dir='ltr'>TUSSILAGO</span> <span class='ocrx_word' id='word_1_159' title='bbox 1414 3006 1638 3116; x_wconf 87' lang='lat' dir='ltr'>scapo</span> <span class='ocrx_word' id='word_1_160' title='bbox 1702 3002 2107 3090; x_wconf 87' lang='lat' dir='ltr'>imbricato</span> <span class='ocrx_word' id='word_1_161' title='bbox 2145 3069 2169 3109; x_wconf 84' lang='lat'><strong>,</strong></span> <span class='ocrx_word' id='word_1_162' title='bbox 2254 2977 2579 3096; x_wconf 35' lang='lat' dir='ltr'>&#39;floribus</span> <span class='ocrx_word' id='word_1_163' title='bbox 2644 3037 2958 3123; x_wconf 70' lang='lat' dir='ltr'>corym⁴</span> 
     </span>
     <span class='ocr_line' id='line_1_19' title="bbox 698 3134 2957 3250; baseline -0.002 -31"><span class='ocrx_word' id='word_1_164' title='bbox 698 3136 887 3219; x_wconf 86' lang='lat' dir='ltr'>bofis</span> <span class='ocrx_word' id='word_1_165' title='bbox 922 3201 946 3242; x_wconf 89' lang='lat'>,</span> <span class='ocrx_word' id='word_1_166' title='bbox 1004 3134 1320 3218; x_wconf 89' lang='lat' dir='ltr'>flosculis</span> <span class='ocrx_word' id='word_1_167' title='bbox 1382 3135 1740 3218; x_wconf 87' lang='lat' dir='ltr'>omnibus</span> <span class='ocrx_word' id='word_1_168' title='bbox 1800 3136 2242 3244; x_wconf 87' lang='lat' dir='ltr'>petaloideis</span> <span class='ocrx_word' id='word_1_169' title='bbox 2278 3204 2303 3244; x_wconf 88' lang='lat'>,</span> <span class='ocrx_word' id='word_1_170' title='bbox 2405 3142 2750 3250; x_wconf 87' lang='lat' dir='ltr'>plurimis</span> <span class='ocrx_word' id='word_1_171' title='bbox 2822 3174 2957 3231; x_wconf 86' lang='lat' dir='ltr'>an.</span> 
     </span>
     <span class='ocr_line' id='line_1_20' title="bbox 696 3261 2885 3384; baseline 0.004 -37"><span class='ocrx_word' id='word_1_172' title='bbox 696 3266 1093 3374; x_wconf 73' lang='lat' dir='ltr'>drogyniS,</span> <span class='ocrx_word' id='word_1_173' title='bbox 1129 3263 1428 3374; x_wconf 87' lang='lat' dir='ltr'>reliquis</span> <span class='ocrx_word' id='word_1_174' title='bbox 1462 3261 1857 3347; x_wconf 87' lang='lat' dir='ltr'>foemellis.</span> <span class='ocrx_word' id='word_1_175' title='bbox 1899 3262 2097 3346; x_wconf 89' lang='lat' dir='ltr'>Tab.</span> <span class='ocrx_word' id='word_1_176' title='bbox 2153 3263 2538 3353; x_wconf 86' lang='lat' dir='ltr'>LXVIII.</span> <span class='ocrx_word' id='word_1_177' title='bbox 2582 3273 2747 3384; x_wconf 87' lang='lat' dir='ltr'>Fig.</span> <span class='ocrx_word' id='word_1_178' title='bbox 2800 3299 2885 3357; x_wconf 78' lang='lat'>2.</span> 
     </span>
    </p>
   </div>
   <div class='ocr_carea' id='block_1_6' title="bbox 283 3455 2956 4852">
    <p class='ocr_par' dir='ltr' id='par_1_6' title="bbox 283 3455 2956 4716">
     <span class='ocr_line' id='line_1_21' title="bbox 445 3455 2956 3570; baseline 0 -22"><span class='ocrx_word' id='word_1_179' title='bbox 445 3456 711 3548; x_wconf 83' lang='lat' dir='ltr'>Radix</span> <span class='ocrx_word' id='word_1_180' title='bbox 779 3456 1231 3541; x_wconf 86' lang='lat' dir='ltr'>transuerfim</span> <span class='ocrx_word' id='word_1_181' title='bbox 1298 3456 1377 3540; x_wconf 92' lang='lat' dir='ltr'>in</span> <span class='ocrx_word' id='word_1_182' title='bbox 1443 3470 1635 3540; x_wconf 85' lang='lat' dir='ltr'>terra</span> <span class='ocrx_word' id='word_1_183' title='bbox 1694 3455 1898 3566; x_wconf 88' lang='lat' dir='ltr'>repit</span> <span class='ocrx_word' id='word_1_184' title='bbox 1932 3516 1958 3559; x_wconf 86' lang='lat'>‚</span> <span class='ocrx_word' id='word_1_185' title='bbox 2043 3461 2284 3542; x_wconf 88' lang='lat' dir='ltr'>tenuis</span> <span class='ocrx_word' id='word_1_186' title='bbox 2346 3462 2452 3545; x_wconf 89' lang='lat' dir='ltr'>est</span> <span class='ocrx_word' id='word_1_187' title='bbox 2486 3530 2511 3570; x_wconf 84' lang='lat'>‚</span> <span class='ocrx_word' id='word_1_188' title='bbox 2614 3482 2692 3545; x_wconf 90' lang='lat' dir='ltr'>et</span> <span class='ocrx_word' id='word_1_189' title='bbox 2756 3461 2956 3550; x_wconf 90' lang='lat' dir='ltr'>mul-</span> 
     </span>
     <span class='ocr_line' id='line_1_22' title="bbox 283 3581 2954 3700; baseline 0.003 -31"><span class='ocrx_word' id='word_1_190' title='bbox 283 3600 428 3671; x_wconf 74' lang='lat' dir='ltr'>tas</span> <span class='ocrx_word' id='word_1_191' title='bbox 495 3587 719 3671; x_wconf 85' lang='lat' dir='ltr'>fibras</span> <span class='ocrx_word' id='word_1_192' title='bbox 783 3584 1261 3700; x_wconf 86' lang='lat' dir='ltr'>longiusculas</span> <span class='ocrx_word' id='word_1_193' title='bbox 1322 3586 1419 3668; x_wconf 93' lang='lat' dir='ltr'>de</span> <span class='ocrx_word' id='word_1_194' title='bbox 1481 3581 1551 3664; x_wconf 77' lang='lat' dir='ltr'>se</span> <span class='ocrx_word' id='word_1_195' title='bbox 1613 3581 1906 3695; x_wconf 80' lang='lat' dir='ltr'>spargit.</span> <span class='ocrx_word' id='word_1_196' title='bbox 2040 3581 2322 3697; x_wconf 89' lang='lat' dir='ltr'>Scapus</span> <span class='ocrx_word' id='word_1_197' title='bbox 2388 3590 2752 3675; x_wconf 86' lang='lat' dir='ltr'>dodrante</span> <span class='ocrx_word' id='word_1_198' title='bbox 2820 3596 2954 3678; x_wconf 90' lang='lat' dir='ltr'>ali-</span> 
     </span>
     <span class='ocr_line' id='line_1_23' title="bbox 311 3710 2955 3826; baseline 0.003 -30"><span class='ocrx_word' id='word_1_199' title='bbox 311 3732 602 3823; x_wconf 79' lang='lat' dir='ltr'>quanto</span> <span class='ocrx_word' id='word_1_200' title='bbox 664 3714 915 3797; x_wconf 89' lang='lat' dir='ltr'>maior</span> <span class='ocrx_word' id='word_1_201' title='bbox 949 3779 973 3818; x_wconf 86' lang='lat'>,</span> <span class='ocrx_word' id='word_1_202' title='bbox 1039 3711 1324 3797; x_wconf 89' lang='lat' dir='ltr'>sordide</span> <span class='ocrx_word' id='word_1_203' title='bbox 1387 3710 1659 3795; x_wconf 89' lang='lat' dir='ltr'>rubens</span> <span class='ocrx_word' id='word_1_204' title='bbox 1692 3776 1715 3817; x_wconf 87' lang='lat'>‚</span> <span class='ocrx_word' id='word_1_205' title='bbox 1781 3730 2002 3820; x_wconf 86' lang='lat' dir='ltr'>atque</span> <span class='ocrx_word' id='word_1_206' title='bbox 2067 3713 2432 3826; x_wconf 82' lang='lat' dir='ltr'>lanuginis</span> <span class='ocrx_word' id='word_1_207' title='bbox 2490 3719 2780 3803; x_wconf 88' lang='lat' dir='ltr'>albidae</span> <span class='ocrx_word' id='word_1_208' title='bbox 2829 3746 2955 3804; x_wconf 87' lang='lat' dir='ltr'>ra-</span> 
     </span>
     <span class='ocr_line' id='line_1_24' title="bbox 307 3839 2949 3956; baseline 0.002 -31"><span class='ocrx_word' id='word_1_209' title='bbox 307 3865 439 3925; x_wconf 80' lang='lat' dir='ltr'>rae</span> <span class='ocrx_word' id='word_1_210' title='bbox 503 3840 738 3951; x_wconf 86' lang='lat' dir='ltr'>specie</span> <span class='ocrx_word' id='word_1_211' title='bbox 803 3840 1066 3951; x_wconf 84' lang='lat' dir='ltr'>paffim</span> <span class='ocrx_word' id='word_1_212' title='bbox 1105 3907 1129 3948; x_wconf 89' lang='lat'>,</span> <span class='ocrx_word' id='word_1_213' title='bbox 1190 3839 1310 3924; x_wconf 89' lang='lat' dir='ltr'>sed</span> <span class='ocrx_word' id='word_1_214' title='bbox 1370 3840 1523 3922; x_wconf 78' lang='lat' dir='ltr'>vix·</span> <span class='ocrx_word' id='word_1_215' title='bbox 1544 3859 1636 3922; x_wconf 86' lang='lat' dir='ltr'>vt</span> <span class='ocrx_word' id='word_1_216' title='bbox 1669 3839 2217 3925; x_wconf 79' lang='lat' dir='ltr'>animaduertas</span> <span class='ocrx_word' id='word_1_217' title='bbox 2250 3847 2626 3953; x_wconf 71' lang='lat' dir='ltr'>‚aspersus</span> <span class='ocrx_word' id='word_1_218' title='bbox 2662 3911 2687 3951; x_wconf 86' lang='lat'>,</span> <span class='ocrx_word' id='word_1_219' title='bbox 2743 3846 2949 3956; x_wconf 89' lang='lat' dir='ltr'>squa-</span> 
     </span>
     <span class='ocr_line' id='line_1_25' title="bbox 308 3967 2950 4082; baseline 0.003 -30"><span class='ocrx_word' id='word_1_220' title='bbox 308 3970 466 4052; x_wconf 85' lang='lat' dir='ltr'>mis</span> <span class='ocrx_word' id='word_1_221' title='bbox 529 3970 763 4053; x_wconf 86' lang='lat' dir='ltr'>etiam</span> <span class='ocrx_word' id='word_1_222' title='bbox 823 3968 1111 4079; x_wconf 88' lang='lat' dir='ltr'>septem</span> <span class='ocrx_word' id='word_1_223' title='bbox 1175 3988 1304 4050; x_wconf 88' lang='lat' dir='ltr'>aut</span> <span class='ocrx_word' id='word_1_224' title='bbox 1369 3967 1557 4052; x_wconf 69' lang='lat' dir='ltr'>osto</span> <span class='ocrx_word' id='word_1_225' title='bbox 1615 3994 1761 4080; x_wconf 94' lang='lat' dir='ltr'>pro</span> <span class='ocrx_word' id='word_1_226' title='bbox 1843 3992 2071 4052; x_wconf 89' lang='lat' dir='ltr'>more</span> <span class='ocrx_word' id='word_1_227' title='bbox 2171 3971 2482 4056; x_wconf 86' lang='lat' dir='ltr'>vestitus</span> <span class='ocrx_word' id='word_1_228' title='bbox 2514 4038 2537 4082; x_wconf 86' lang='lat'>,</span> <span class='ocrx_word' id='word_1_229' title='bbox 2639 3972 2806 4059; x_wconf 89' lang='lat' dir='ltr'>latis</span> <span class='ocrx_word' id='word_1_230' title='bbox 2868 3994 2950 4060; x_wconf 88' lang='lat' dir='ltr'>et</span> 
     </span>
     <span class='ocr_line' id='line_1_26' title="bbox 308 4093 2950 4207; baseline 0.004 -28"><span class='ocrx_word' id='word_1_231' title='bbox 308 4099 608 4183; x_wconf 81' lang='lat' dir='ltr'>venofis</span> <span class='ocrx_word' id='word_1_232' title='bbox 641 4162 663 4200; x_wconf 90' lang='lat'>‚</span> <span class='ocrx_word' id='word_1_233' title='bbox 731 4098 931 4179; x_wconf 89' lang='lat' dir='ltr'>cauis</span> <span class='ocrx_word' id='word_1_234' title='bbox 966 4163 990 4204; x_wconf 90' lang='lat'>‚</span> <span class='ocrx_word' id='word_1_235' title='bbox 1054 4093 1465 4179; x_wconf 83' lang='lat' dir='ltr'>vncialibus</span> <span class='ocrx_word' id='word_1_236' title='bbox 1500 4161 1525 4202; x_wconf 87' lang='lat'>,</span> <span class='ocrx_word' id='word_1_237' title='bbox 1588 4120 1631 4177; x_wconf 90' lang='lat' dir='ltr'>e</span> <span class='ocrx_word' id='word_1_238' title='bbox 1692 4095 1892 4180; x_wconf 76' lang='lat' dir='ltr'>fusco</span> <span class='ocrx_word' id='word_1_239' title='bbox 1972 4098 2332 4185; x_wconf 78' lang='lat' dir='ltr'>viridibus</span> <span class='ocrx_word' id='word_1_240' title='bbox 2366 4167 2391 4207; x_wconf 86' lang='lat'>,</span> <span class='ocrx_word' id='word_1_241' title='bbox 2471 4102 2950 4189; x_wconf 87' lang='lat' dir='ltr'>membrana·</span> 
     </span>
     <span class='ocr_line' id='line_1_27' title="bbox 307 4219 2948 4341; baseline 0.004 -33"><span class='ocrx_word' id='word_1_242' title='bbox 307 4225 483 4308; x_wconf 87' lang='lat' dir='ltr'>ceis.</span> <span class='ocrx_word' id='word_1_243' title='bbox 625 4221 959 4309; x_wconf 90' lang='lat' dir='ltr'>Summo</span> <span class='ocrx_word' id='word_1_244' title='bbox 1055 4222 1276 4333; x_wconf 88' lang='lat' dir='ltr'>scapo</span> <span class='ocrx_word' id='word_1_245' title='bbox 1373 4223 1727 4329; x_wconf 89' lang='lat' dir='ltr'>corymbi</span> <span class='ocrx_word' id='word_1_246' title='bbox 1793 4223 2104 4307; x_wconf 81' lang='lat' dir='ltr'>insident</span> <span class='ocrx_word' id='word_1_247' title='bbox 2191 4219 2392 4310; x_wconf 66' lang='lat' dir='ltr'>‘osto</span> <span class='ocrx_word' id='word_1_248' title='bbox 2456 4231 2549 4314; x_wconf 90' lang='lat' dir='ltr'>ad</span> <span class='ocrx_word' id='word_1_249' title='bbox 2615 4232 2885 4318; x_wconf 88' lang='lat' dir='ltr'>decem</span> <span class='ocrx_word' id='word_1_250' title='bbox 2918 4300 2948 4341; x_wconf 87' lang='lat'>,</span> 
     </span>
     <span class='ocr_line' id='line_1_28' title="bbox 306 4351 2948 4461; baseline 0.005 -28"><span class='ocrx_word' id='word_1_251' title='bbox 306 4351 760 4461; x_wconf 85' lang='lat' dir='ltr'>pedunculis</span> <span class='ocrx_word' id='word_1_252' title='bbox 820 4353 1172 4435; x_wconf 88' lang='lat' dir='ltr'>trientem</span> <span class='ocrx_word' id='word_1_253' title='bbox 1243 4355 1503 4435; x_wconf 79' lang='lat' dir='ltr'>vnciae</span> <span class='ocrx_word' id='word_1_254' title='bbox 1566 4352 1803 4460; x_wconf 88' lang='lat' dir='ltr'>longis</span> <span class='ocrx_word' id='word_1_255' title='bbox 1842 4418 1864 4459; x_wconf 84' lang='lat'>‚</span> <span class='ocrx_word' id='word_1_256' title='bbox 1923 4352 1997 4433; x_wconf 89' lang='lat' dir='ltr'>in</span> <span class='ocrx_word' id='word_1_257' title='bbox 2061 4354 2517 4458; x_wconf 89' lang='lat' dir='ltr'>corymbum</span> <span class='ocrx_word' id='word_1_258' title='bbox 2585 4357 2733 4440; x_wconf 87' lang='lat' dir='ltr'>fiue</span> <span class='ocrx_word' id='word_1_259' title='bbox 2770 4386 2948 4445; x_wconf 86' lang='lat' dir='ltr'>vm·</span> 
     </span>
     <span class='ocr_line' id='line_1_29' title="bbox 307 4477 2946 4598; baseline 0.006 -39"><span class='ocrx_word' id='word_1_260' title='bbox 307 4478 593 4564; x_wconf 89' lang='lat' dir='ltr'>bellam</span> <span class='ocrx_word' id='word_1_261' title='bbox 658 4477 1011 4587; x_wconf 73' lang='lat' dir='ltr'>dispositi.</span> <span class='ocrx_word' id='word_1_262' title='bbox 1140 4477 1463 4589; x_wconf 82' lang='lat' dir='ltr'>Singulis</span> <span class='ocrx_word' id='word_1_263' title='bbox 1522 4498 1776 4564; x_wconf 87' lang='lat' dir='ltr'>autem</span> <span class='ocrx_word' id='word_1_264' title='bbox 1842 4481 2275 4590; x_wconf 83' lang='lat' dir='ltr'>pedunculis</span> <span class='ocrx_word' id='word_1_265' title='bbox 2304 4480 2605 4598; x_wconf 77' lang='lat' dir='ltr'>squama</span> <span class='ocrx_word' id='word_1_266' title='bbox 2655 4483 2887 4574; x_wconf 89' lang='lat' dir='ltr'>subest</span> <span class='ocrx_word' id='word_1_267' title='bbox 2918 4554 2946 4597; x_wconf 83' lang='lat'>,</span> 
     </span>
     <span class='ocr_line' id='line_1_30' title="bbox 296 4604 1519 4716; baseline 0.007 -30"><span class='ocrx_word' id='word_1_268' title='bbox 296 4604 611 4716; x_wconf 75' lang='lat' dir='ltr'>cardinis</span> <span class='ocrx_word' id='word_1_269' title='bbox 679 4605 930 4691; x_wconf 79' lang='lat' dir='ltr'>similis</span> <span class='ocrx_word' id='word_1_270' title='bbox 966 4672 989 4713; x_wconf 86' lang='lat'>,</span> <span class='ocrx_word' id='word_1_271' title='bbox 1045 4604 1163 4690; x_wconf 88' lang='lat' dir='ltr'>sed</span> <span class='ocrx_word' id='word_1_272' title='bbox 1233 4613 1519 4700; x_wconf 80' lang='lat' dir='ltr'>minor.</span> 
     </span>
    </p>

    <p class='ocr_par' dir='ltr' id='par_1_7' title="bbox 377 4732 2944 4852">
     <span class='ocr_line' id='line_1_31' title="bbox 377 4732 2944 4852; baseline 0.003 -29"><span class='ocrx_word' id='word_1_273' title='bbox 377 4733 588 4823; x_wconf 80' lang='lat' dir='ltr'>Flor.</span> <span class='ocrx_word' id='word_1_274' title='bbox 658 4735 897 4823; x_wconf 85' lang='lat' dir='ltr'>Sibir.</span> <span class='ocrx_word' id='word_1_275' title='bbox 929 4737 1139 4824; x_wconf 87' lang='lat' dir='ltr'>Tom.</span> <span class='ocrx_word' id='word_1_276' title='bbox 1181 4732 1285 4821; x_wconf 92' lang='grc' dir='ltr'>ΙΙ.</span> <span class='ocrx_word' id='word_1_277' title='bbox 1734 4735 1814 4852; x_wconf 71' lang='lat' dir='ltr'>T</span> <span class='ocrx_word' id='word_1_278' title='bbox 2570 4811 2571 4814; x_wconf 9' lang='grc' dir='ltr'><strong><em>κ</em></strong></span> <span class='ocrx_word' id='word_1_279' title='bbox 2719 4739 2944 4831; x_wconf 80' lang='lat' dir='ltr'>calix</span> 
     </span>
    </p>
   </div>
  </div>
 </body>
</html>
