4378 5721
1450 618 1630 700 ,ῃ
2344 581 3145 680 AGGREGATAE-

1439 841 1762 932 rumque
1812 821 2046 905 acutis
2087 847 2111 930 3
2146 818 2407 934 Quam
2446 822 2786 932 prImum
2851 845 3035 904 vero
3072 818 3268 902 rami
3303 843 3346 904 a
3379 817 3590 906 caule
3625 816 4066 933 abscedunt,

1443 949 1626 1033 solia
1687 946 1849 1031 sunt
1920 947 2457 1057 fimpliciffima
2495 1015 2517 1055 ,
2582 951 2880 1032 linearia
2920 1014 2942 1056 ,
3007 963 3223 1031 acuta
3263 1012 3285 1051 ‚
3356 975 3513 1033 non
3575 948 3879 1034 obscure
3944 954 4068 1034 tri-

1440 1080 1694 1160 neruia
1732 1142 1756 1180 ,
1815 1094 2196 1160 caeterum
2266 1080 2527 1161 omnia
2590 1075 2885 1159 carnola
2950 1074 3105 1160 fimt
3142 1142 3163 1182 ,
3231 1098 3308 1159 et
3372 1079 3721 1188 pleraque
3783 1081 3876 1172 ad
3909 1105 4064 1164 oras

1447 1205 1680 1288 veluti
1739 1205 1986 1287 ciliata
2025 1270 2049 1311 ,
2109 1224 2232 1287 aut
2297 1203 2550 1288 saltem
2589 1204 2882 1287 hirsuti-a
2947 1207 3187 1315 aliqua
3248 1209 3602 1316 praedita.

1570 1334 1827 1417 Flores
1858 1336 1939 1415 in
1977 1333 2430 1448 palmarium
2469 1354 2538 1415 et
2577 1332 3152 1443 semipedalium
3191 1335 3786 1444 pedunculorum
3810 1402 3832 1440 ,
3887 1355 4062 1421 tere·

1443 1464 1643 1545 tium
1687 1527 1712 1568 ,
1747 1463 2085 1544 tenuium
2123 1527 2145 1567 ,
2180 1459 2305 1543 sub
2337 1462 2531 1545 flore
2566 1487 2608 1543 e
2642 1463 2865 1544 viridi
2902 1459 3408 1545 lutescentium
3448 1529 3471 1569 ,
3508 1483 3749 1547 cetera
3802 1467 4057 1548 ruben-

1451 1591 1652 1672 tium
1678 1655 1701 1695 ,
1734 1591 1981 1695 cymis
2041 1590 2393 1695 haerent,
2460 1593 2530 1670 in
2569 1590 2868 1699 singulis
2933 1590 3193 1698 finguli
3234 1655 3256 1696 ,
3291 1591 3518 1676 albidi
3554 1616 3751 1696 ‚non
3791 1594 4063 1701 penitus

1434 1718 1779 1823 candidi,
1838 1742 2026 1799 cum
2112 1737 2360 1800 aetate
2424 1720 2517 1799 ad
2586 1742 2755 1800 oras
2818 1716 3122 1800 subinde
3216 1718 3476 1802 leuiter
3509 1721 3875 1802 rubentes.
3936 1721 4053 1804 Sic

1289 1839 1293 1843 ’
1444 1866 1526 1946 et
1591 1845 1909 1929 stamina
1978 1846 2265 1953 pistillo
2330 1845 2674 1954 longiora
2741 1872 2919 1929 cum
2987 1844 3316 1928 antheris
3378 1845 3848 1956 pallidissime
3915 1874 4055 1931 car-

1443 1998 1590 2058 nea
1658 1972 1845 2056 sunt.
1979 1968 2282 2083 Stigma
2382 1973 2919 2057 craffiusculum
3022 1973 3133 2055 est
3195 1991 3275 2054 et
3309 1974 3684 2058 obtuliim.
3761 1973 4058 2060 Inuolu-
4109 2004 4119 2018 ·

1442 2127 1658 2184 crum
1718 2101 1907 2186 osto
1972 2100 2064 2184 fit
2132 2101 2328 2185 soliis
2363 2168 2386 2209 ‚
2452 2126 2773 2212 quorum
2839 2126 2926 2183 ea
2963 2167 2986 2207 ,
3055 2125 3242 2211 quae
3308 2100 3621 2187 flosculis
3699 2105 4057 2212 margina-

1445 2229 1635 2313 libus
1697 2230 2141 2339 respondent
2179 2296 2202 2337 ,
2287 2231 2456 2338 ipsis
2521 2230 2635 2311 his
2698 2227 3007 2311 flosculis
3073 2230 3323 2312 multo
3419 2232 3760 2341 longiora
3859 2231 4056 2340 sunt,

1439 2359 1723 2467 reliqua
1754 2413 1759 2418 -
1791 2357 2167 2441 breuiora.
2295 2355 2610 2441 Flosculi
2678 2358 2948 2465 pariter
3014 2358 3464 2465 marginales
3519 2360 3814 2468 reliquis
3879 2362 4058 2442 mul·

1439 2505 1529 2568 to
1596 2487 1919 2567 maiores
1983 2486 2167 2566 sunt.
2248 2481 2880 2569 Consormatione
2937 2503 3190 2568 autem
3253 2484 3528 2570 florum
3569 2555 3591 2594 ,
3629 2487 4057 2594 staminum,

1438 2611 1712 2696 fluctus
1745 2677 1767 2717 ,
1829 2614 2126 2723 eiusque
2193 2633 2488 2698 ornatus
2525 2679 2546 2716 ,
2612 2641 2654 2697 a
2728 2612 2959 2723 priori
3025 2612 3279 2720 planta
3347 2639 3503 2698 non
3557 2614 3833 2698 differt.
3905 2613 4060 2700 Dis·

1439 2741 1580 2824 fiert
1644 2761 1901 2827 autem
1991 2743 2390 2849 praecipue
2452 2742 2842 2825 inuolucro
2903 2741 3223 2851 capitula
3287 2742 3618 2828 multum
3685 2745 4059 2830 exceden-

1443 2888 1523 2953 te
1581 2889 1659 2951 et
1718 2867 2030 2951 crassitie
2111 2868 2498 2950 soliorum.
3401 2953 3405 2955 Δ

1567 2992 2004 3102 Descriptio
2060 2993 2168 3076 est
2231 2995 2520 3103 plantae
2555 3021 2656 3078 ex
2691 2995 3090 3082 seminibus
3120 3025 3185 3085 a.
3226 3000 3305 3084 b.
3342 3013 3801 3094 GERBE-RO
3849 3000 4055 3086 miffis

1439 3141 1519 3205 et
1586 3122 1665 3202 in
1726 3147 1896 3204 cam
1904 3124 2018 3230 pis
2079 3125 2347 3229 apricis
2411 3147 2548 3231 per
2642 3126 2729 3209 V
2724 3130 3087 3213 crainiam
3150 3147 3228 3212 et
3299 3122 3803 3244 Tanaerfibus
3880 3134 4054 3214 circa

1438 3247 1639 3338 Ielez
1672 3268 1750 3333 et
1787 3250 2238 3334 Taurouiam
2304 3252 2641 3336 collectis
2679 3319 2701 3359 ,
2766 3254 2842 3336 in
2907 3255 3138 3341 horto
3171 3256 3648 3344 Academico
3678 3278 3946 3344 enatae
3989 3275 4056 3341 et

1439 3381 1598 3464 iam
1665 3403 1804 3490 per
1863 3378 2148 3489 aliquot
2215 3405 2445 3464 annos
2507 3403 2850 3490 vegetae.

1566 3568 1761 3670 Icon
1827 3576 1909 3657 in
1969 3572 2234 3657 habitu
2300 3574 2596 3685 plantae
2660 3577 3168 3686 exprimendo
3259 3581 3528 3667 exacta
3621 3585 3753 3670 est.
3894 3586 4062 3669 Flo·

1437 3724 1609 3785 rum
1676 3722 1927 3784 autem
1998 3703 2355 3785 structura
2423 3704 2687 3786 melius
2747 3730 2845 3787 ex
2910 3707 3397 3816 descriptione
3462 3737 3715 3823 quam„
3761 3739 3865 3797 ex
3923 3718 4065 3796 ico·

1436 3853 1534 3913 ne
1598 3831 1994 3939 repetitur.
2126 3831 2426 3915 Folium
2489 3856 2534 3914 a
2597 3831 2826 3957 latere
2906 3833 3210 3919 seorsim
3278 3837 3737 3927 delineatum
3833 3864 4066 3926 vnum

1433 3956 1544 4038 est
1607 3978 1708 4038 ex
1771 3958 2239 4061 radicalibus.

1561 4163 1647 4247 7.
1719 4142 2251 4234 SCABIOSA
2317 4150 2690 4237 corollulis
2770 4157 3256 4265 quinquefidis
3293 4224 3317 4264 ,
3419 4158 3609 4245 soliis
3688 4162 4070 4272 duplicato

1817 4279 2144 4386 pinnatis
2178 4348 2200 4388 ‚
2263 4277 2580 4364 setaceiS.
2654 4280 2852 4365 Tab.
2921 4284 3482 4371 LXXXVIII.
3554 4291 3710 4399 Fig.
3797 4317 3878 4368 1.

1558 4402 1818 4496 Radix
1885 4406 2113 4517 longe
2182 4412 2378 4493 inter
2429 4407 2611 4492 »saxa
2678 4410 3039 4496 delitescit
3072 4478 3098 4521 ,
3149 4438 3296 4499 nec
3360 4418 3782 4507 admodum
3854 4417 4074 4502 craffa

1408 4531 1564 4641 pst.

3809 4668 4074 4761 caules
