4378 5721
865 620 1021 716 W.
1084 619 1639 716 meBVs
1699 614 2287 715 RADIAm.
2807 648 2983 729 19,
3068 544 3075 551 ⁶

859 849 1325 965 Millesolimn
1443 854 1829 972 stratiotes
1919 858 2313 971 pinnatum
2347 919 2375 962 ,
2479 849 2828 965 terrestre
2907 852 2979 939 1.

982 979 1079 1066 B.
1149 982 1303 1069 111.
1370 1012 1454 1096 p.
1534 1009 1571 1062 1
1591 988 1733 1082 36.

840 1111 1317 1229 Millefolimn
1375 1110 1685 1223 vulgare
1721 1176 1746 1219 ‚
1809 1109 2054 1202 album
2085 1128 2160 1202 et
2179 1127 2635 1230 purpureum
2696 1104 2792 1195 C.
2867 1109 2967 1198 Β.

975 1240 1064 1325 P.
1139 1269 1174 1321 1
1193 1266 1342 1345 40.

836 1366 1187 1462 Achillea
1229 1368 1446 1488 jbliis
1507 1368 1867 1483 duplicato
1925 1376 2263 1485 pinnatis
2276 1370 2579 1481 glabris
2597 1435 2623 1481 ‚
2686 1372 2982 1461 laciniis

958 1501 1362 1588 linearibus
1382 1562 1409 1603 ,
1505 1515 1728 1586 acute
1823 1500 2202 1591 laciniatis
2266 1516 2514 1596 LINN.
2601 1500 2688 1592 h.
2760 1495 2974 1621 Clff

945 1642 1174 1735 413.
1240 1643 1472 1724 ROY.
1520 1646 1656 1745 pr.
1734 1649 1944 1731 175.

1067 1748 1136 1867 j.
1205 1759 1507 1845 Eadem
1571 1761 1860 1872 pumila
1903 1825 1931 1867 ‚
1996 1760 2197 1846 foliis
2256 1762 2682 1848 radicalibus
2715 1762 2974 1846 minu—

1339 1886 1634 1973 tiffimis
1666 1956 1696 1997 ,
1757 1890 2060 1975 caulinis
2138 1892 2528 1975 latiulculis
2623 1891 2971 1999 segmen·

549 2124 558 2130 ⁸
1305 2015 1404 2100 tis
1463 2018 1733 2102 diuisis,
1798 2019 1995 2103 Tab.
2068 2016 2553 2103 LXXXIII.
2591 2019 2757 2126 Fig.
2808 2040 2893 2117 3.

444 2140 821 2232 Constans
878 2140 956 2227 in
1019 2141 1165 2230 hac
1230 2141 1478 2255 specie
1537 2145 1651 2233 est
1712 2148 1940 2231 caulis
1999 2144 2328 2230 hirsutia.
2416 2148 2632 2233 Folia
2692 2147 2968 2259 saepius

314 2272 575 2363 incana
644 2296 722 2360 et
779 2272 1042 2358 hirfitta
1070 2340 1095 2383 ,
1195 2272 1317 2359 sed
1386 2300 1528 2357 nec
1623 2300 1797 2361 raro
1895 2275 2165 2360 viridia
2264 2293 2344 2357 et
2419 2279 2748 2360 omnino
2811 2277 2964 2363 fere

305 2401 573 2510 glabra
613 2467 636 2506 ,
698 2402 910 2485 latius
970 2423 1097 2484 aut
1162 2402 1539 2512 angustius
1615 2400 1862 2487 diuisa.
1970 2399 2414 2487 Constantes
2513 2403 2742 2487 rursus
2801 2403 2965 2489 sunt

302 2529 457 2639 pali
518 2527 855 2609 albentes
892 2590 919 2630 ,
984 2526 1173 2608 resti
1211 2590 1235 2630 ‚
1299 2526 1664 2608 foliorum
1731 2528 2116 2608 ambitum
2184 2550 2270 2609 et
2334 2530 2729 2635 praecipue
2829 2555 2965 2612 co-

297 2653 446 2739 stas
482 2719 510 2762 ,
581 2634 792 2765 quae*
831 2651 1055 2736 lobos
1112 2652 1473 2735 folionum
1529 2650 1844 2734 nec'tunt
1876 2720 1902 2761 ,
1969 2652 2355 2760 cingentes
2390 2718 2413 2758 ,
2455 2654 2686 2738 rarius
2715 2653 2969 2763 dispo-

302 2779 442 2868 fiti.
582 2776 830 2867 Color
924 2779 1133 2866 floris
1210 2778 1418 2864 albus
1452 2843 1478 2884 ,
1573 2801 1890 2864 carneus
1955 2797 2085 2863 aut
2178 2804 2614 2891 purpureus,
2739 2782 2961 2872 Folia

300 2901 466 2995 sunt
528 2911 921 3021 duplicato
977 2911 1282 3018 pinnata
1318 2971 1346 3014 ,
1404 2905 1692 2988 laciniis
1771 2907 2159 2989 linearibus
2193 2974 2219 3015 ,
2280 2911 2572 3017 acutis,
2657 2910 2957 2998 lacinia-

297 3040 424 3123 tis.
495 3037 903 3124 Varietatis
964 3026 1021 3143 j.
1093 3034 1270 3119 solia
1335 3034 1712 3119 radicalia·
1748 3035 2018 3118 exacte
2082 3034 2211 3118 issa
2274 3035 2606 3120 referunt
2642 3105 2665 3144 ,
2768 3066 2955 3150 quae

296 3161 483 3251 haec
547 3165 831 3277 species
892 3164 1129 3274 vulgo
1190 3164 1540 3273 producit
1572 3227 1599 3270 ,
1654 3162 1938 3244 caulina
2001 3186 2201 3245 vero
2260 3162 2512 3247 trifida
2574 3186 2702 3248 aut
2736 3174 2956 3280 quin-

287 3292 599 3404 quefida
667 3292 841 3377 fimt
875 3356 904 3399 ,
965 3288 1364 3376 latiuicula.
1443 3287 1760 3373 Florum
1826 3289 2046 3374 colet
2108 3315 2548 3402 purpureus.
2632 3351 2639 3354 -

418 3422 518 3507 In
582 3424 809 3508 omni
872 3415 1137 3505 Sibiria
1202 3415 1550 3527 frequens
1577 3416 1715 3502 est.
1787 3414 1887 3500 In
1922 3421 2287 3505 America
2352 3417 2943 3528 septemtrionali

289 3565 859 3645 STELLERUS
907 3546 1161 3632 albam
1220 3546 1675 3631 var'etatem
1771 3547 2078 3630 inuenit.
2151 3547 2492 3632 Varietas
2537 3540 2612 3660 j
2680 3555 2778 3635 ad
2839 3554 2944 3637 ri-

285 3706 424 3792 pas
488 3671 850 3793 Kffcbcm'
913 3676 1160 3762 amnis
1192 3739 1219 3785 ‚
1289 3676 1376 3758 in
1438 3673 1679 3760 Kiam
1727 3673 2107 3760 influentis
2139 3740 2164 3784 ,
2204 3678 2288 3760 in
2367 3679 2736 3763 montosts
2798 3681 2941 3768 ob—

286 3828 533 3894 vemt.

395 3937 670 4023 Tatari
732 3925 1078 4047 Tarenfts
1142 3928 1533 4021 Achilleas
1595 3925 2102 4046 Tschitschjak
2161 3951 2451 4019 vocant
2485 3998 2506 4038 ‚
2567 3961 2934 4023 commu-

267 4067 351 4151 ni
414 4093 608 4155 cum
671 4064 829 4150 aliis
891 4084 1286 4176 pratorum
1355 4062 1630 4173 plantis
1664 4130 1691 4172 ,
1757 4064 1981 4149 flores
2044 4059 2407 4174 speciosos
2474 4063 2925 4173 proferenti·

267 4192 408 4282 διε
443 4264 470 4307 ,
505 4196 833 4281 nomine
871 4258 895 4298 ‚
960 4195 1075 4277 vti
1123 4187 1569 4303 campanulis
1606 4257 1631 4298 ,
1712 4190 2309 4308 anacampseroee
2372 4211 2517 4274 etc.

398 4323 623 4416 Ruffi
679 4317 985 4407 Sibirici
1047 4320 1431 4406 millefolii
1495 4318 1820 4430 vulgaris
1874 4321 2179 4406 floribus
2214 4311 2543 4428 spiritum
2584 4320 2921 4404 frumen..

268 4452 333 4538 ti
395 4453 826 4563 simplicem
904 4449 1296 4536 infundunt
1335 4514 1358 4554 ,
1425 4465 1504 4531 et
1570 4449 1935 4533 reiteratis
2006 4446 2614 4533 destillationibus
2710 4448 2923 4559 super

259 4585 491 4675 nouis
555 4579 874 4675 fletibus
940 4580 1459 4675 odoratiorem
1515 4595 1598 4666 et
1661 4578 1906 4694 gustui
1997 4578 2417 4700 gratiorem
2511 4575 2850 4687 spiritum
2889 4645 2915 4686 ,

2582 4728 2933 4819 eumque.
