4378 5721
1203 686 1214 696 .
1402 654 1526 735 se
2304 612 2415 705 11.
2477 606 3141 703 οΑΡιΤΑΤΑΕ.

1398 851 1866 943 lindraceam
1943 843 2268 959 aequalis
2362 871 2543 932 cum
2606 844 2895 931 corolla
2984 837 3519 957 longitudiniS,
3579 843 3661 928 in
3718 835 4049 961 quinque

1398 983 1675 1090 longos
1733 980 2233 1063 conniuentes
2280 975 2540 1062 dentes
2600 978 3156 1084 terminatam,
3216 969 3767 1058 connascuntur
3848 967 4049 1058 Ger·

1411 1113 1625 1205 mina
1682 1108 2066 1219 oblonga,
2132 1108 2450 1213 breuia,
2512 1099 3015 1212 crassiusc'ula,
3080 1104 3251 1216 pilis
3310 1103 3496 1188 albis
3552 1122 3913 1189 coronata
3966 1103 4048 1185 in'

1403 1235 2173 1347 receptacu10,1etis
2239 1232 2540 1343 fincte,
2606 1236 2917 1346 copiola
2977 1236 3315 1322 haerent.

1411 1408 1420 1420 ·
1532 1366 1741 1452 Cum
1805 1367 1879 1449 b
1947 1379 2525 1459 STELLERUS
2554 1360 2827 1449 aestate
2894 1366 3070 1450 anni
3099 1363 3216 1448 cle
3238 1362 3687 1449 bccxxxvr
3710 1388 3748 1442 1
3773 1386 3852 1445 1.
3908 1362 4052 1448 To-

1408 1494 1664 1584 balium
1729 1495 2004 1580 vrbem
2035 1493 2505 1607 transiret,
2564 1495 2866 1605 oppido
2966 1494 3305 1605 percepit
3367 1491 3467 1575 de
3535 1490 4051 1599 carbuncuIiS,

1412 1626 1544 1737 qui
1606 1648 1816 1708 anno
1871 1647 2147 1707 xxxvr
2257 1620 2691 1733 epidemice
2749 1625 2856 1708 ibi
2913 1622 3475 1735 graffibantur,
3570 1639 3650 1704 et
3713 1623 4053 1731 primum

1414 1756 1499 1839 in
1592 1754 1804 1864 equis
1897 1774 2018 1836 et
2078 1750 2397 1859 bobus»,
2422 1780 2423 1785 ¹
2515 1769 2690 1835 tum
2820 1755 3065 1839 etiam
3167 1751 3251 1833 in
3342 1749 3809 1835 hominibus
3866 1749 4058 1831 vires

1413 1882 1912 1990 exercebant,
1979 1899 2183 1964 tanta
2244 1877 2802 1988 vehementia,
2868 1902 2963 1967 vt
3043 1878 3193 1965 lani
3260 1876 3689 1990 aspicientes
3754 1896 4057 1961 tantum

1414 2009 1970 2097 carbunculum
2011 2006 2235 2119 saepe
2298 2007 2800 2094 inficerentur.
2933 2007 3243 2096 Macula
3302 2009 3522 2091 rubra
3621 2003 3860 2089 subito
3920 2027 4059 2088 ex-

1417 2138 1864 2247 oriebatur,
1941 2163 2125 2222 cum
2227 2128 2505 2248 insigni
2566 2140 2914 2251 pruritu,
2976 2135 3105 2221 sub
3161 2132 3458 2243 axillis,
3560 2133 3640 2215 in
3700 2132 4059 2243 femore,

1419 2290 1613 2379 qnae
1677 2267 2071 2376 paullatim
2133 2285 2223 2363 et..
2272 2268 2465 2349 intra
2561 2264 2847 2377 aliquot
2910 2267 3138 2351 horas
3200 2264 3280 2347 in
3343 2261 3709 2372 infignem
3804 2281 4063 2344 tumo-

1419 2419 1592 2483 rem
1669 2392 2225 2500 excrescebat,
2204 2400 2237 2453 '·
2322 2393 2574 2481 amori
2656 2398 2882 2506 partis
2975 2392 3294 2479 affeetae
3388 2386 4064 2477 vehementiffimo

1420 2521 1796 2611 tumetum.
1930 2517 2377 2616 Accedebat
2444 2519 2670 2605 febris
2718 2538 3010 2631 acuta,
3106 2519 3521 2617 laffitudine
3579 2518 3879 2605 summa
3938 2535 4062 2601 to-

1420 2651 1568 2739 tius
1621 2651 2021 2762 corporis,
2069 2649 2343 2760 mpitis
2397 2646 2780 2736 doloribus
2843 2650 3390 2759 oculorumque
3445 2651 3713 2733 rubore
3772 2647 4064 2757 stipata.

1421 2776 1606 2866 noc
1668 2778 1952 2866 morbo
2006 2776 2323 2863 affeetos
2381 2777 2682 2862 msticus
2734 2780 3225 2886 medicaster,
3282 2770 3683 2885 seniculus,
3743 2777 4071 2860 curatio·

1423 2909 1641 2996 nibus
1668 2908 2020 2992 medicis
2079 2907 2375 3011 clams,
2435 2901 2659 2989 breui
2709 2910 3084 3015 temporis
3148 2906 3389 3018 spatio
3453 2906 3798 3017 pristinae
3883 2900 4073 2988 limi-⁸
4170 2987 4185 2994 ,
4340 2899 4342 2992 i

1426 3035 1570 3120 tati
1599 3149 1602 3152 Ι
1629 3033 1978 3142 restituit.
2081 3029 2451 3118 ‘Herbam
2513 3032 2730 3117 huius
2786 3027 3091 3145 plantae
3138 3037 3593 3121 -annotinam
3633 3098 3657 3141 ,
3708 3055 3906 3145 quae
3939 3030 4070 3118 sci-

1425 3162 1603 3250 licet
1695 3163 2040 3246 nondum
2122 3187 2226 3246 eo
2283 3185 2523 3271 vsque
2598 3161 2846 3247 adulta
2904 3162 3014 3246 est
3048 3231 3074 3270 ,
3136 3183 3231 3248 vt
3290 3163 3479 3249 cauli
3577 3159 4075 3273 producendo

1427 3307 1609 3404 apta
1673 3287 1874 3375 ibret
1903 3356 1929 3398 ,
1992 3290 2166 3400 lege
2232 3289 2410 3373 artis
2469 3289 2818 3374 siccatam
2885 3309 2968 3374 et
3029 3293 3112 3377 in
3150 3293 3510 3402 pollinem
3562 3289 4076 3375 tenuissimum

1426 3417 2002 3510 comminutam
2063 3443 2246 3502 cum
2304 3419 2483 3502 'fece
2541 3415 2924 3503 cereuifiae
2960 3435 2991 3480 ·‘
3023 3421 3429 3530 permiscet
3490 3420 3646 3503 -hac
3724 3420 4013 3502 ratione
4045 3482 4074 3525 ,

1427 3566 1527 3636 vt
1588 3548 1931 3633 mixtum
1996 3548 2244 3630 tenuis
2304 3545 2701 3657 pulticulae
2781 3546 3106 3658 speciem
3207 3548 3498 3634 reserat.
3624 3545 4074 3632 pulticulam

1371 3732 1384 3742 -
1428 3677 1748 3778 modice
1802 3673 2247 3762 calefactam
2308 3675 2782 3760 ‘carbunculo
2822 3678 3197 3786 imponit
3232 3744 3255 3786 ,
3351 3698 3810 3787 aegrumque
3873 3672 4081 3758 lecto

1430 3804 1676 3917 affigit
1707 3871 1736 3913 ,
1794 3804 1921 3889 cni.
1980 3824 2362 3916 praeterea
2426 3799 2632 3888 laffis
2667 3871 2693 3912 ,
2753 3803 2926 3888 lucii
2989 3804 3199 3914 piscis
3260 3812 3373 3889 et''
3394 3805 3757 3889 frumenti
3859 3802 4079 3915 spiri·

1434 3952 1556 4019 tus
1609 3935 1832 4018 vsum
1892 3933 2294 4017 interdicit.
2418 3932 2729 4018 Eodem
2795 3951 2957 4016 tem
2963 3957 3157 4042 pore
3229 3933 3637 4020 decoctum
3737 3931 4076 4016 eiusdem

1277 4106 1282 4108 Α
1434 4059 1725 4146 herbae
1782 4060 2128 4145 florentis
2183 4060 2417 4172 longe
2511 4061 2852 4145 exhibet.
2985 4059 3269 4172 Elapso
3363 4062 3590 4145 vuius
3648 4059 3898 4145 noctis
3956 4061 4079 4144 in-

1434 4187 1758 4274 teruallo
1832 4187 2311 4273 carbunculus
2400 4193 2773 4299 rumpitur
2831 4206 2913 4273 et
2969 4185 3494 4299 symptomata
3558 4189 3713 4273 fiere
3810 4187 4084 4272 omnia

1435 4317 1697 4404 morbi
1787 4315 2254 4402 euaneicunt
2423 4316 2713 4401 Vulnus
2769 4315 2915 4402 (ale
2978 4322 3468 4403 ammoniaco
3525 4317 3938 4430 aspergitur
3995 4331 4084 4399 et

1434 4446 1867 4573 deligatur,
1926 4448 2136 4531 breui
2193 4443 3507 4531 coniblidandum.1umentorum
3571 4450 3887 4532 morbus
3940 4468 4086 4526 va-

1431 4572 1581 4664 rius
1638 4591 1822 4661 erat.
1954 4575 2359 4694 Qnedam
2415 4598 2521 4662 ex
2578 4574 2998 4766 improuiso
3057 4576 3535 4666 velociffimo
3592 4579 3871 4678 cursu,
3902 4570 4097 4655 fim-
