4378 5721
1151 616 1265 717 Π.
1324 609 2008 722 ΟΑΡῙΤΑΤΑΕ.
2828 621 2959 738 75

361 850 637 946 leon
689 776 1067 971 integram
1128 857 1474 972 plantam
1549 856 1923 970 exhibet,
2013 850 2140 943 sed
2202 849 2534 970 capitula
2625 855 2958 951 naturali

326 986 644 1072 maiora

434 1119 593 1204 60.
994 1113 1129 1203 Μ
1189 1114 1563 1228 inerme,
1625 1114 1826 1204 foliis
1887 1115 2262 1227 carnosis,
2319 1072 2622 1225 erratis,
2717 1119 2952 1208 obtu-

674 1355 679 1361 .
815 1307 847 1357 ‚
914 1270 1021 1330 ex
1079 1245 1369 1333 finuato
1430 1248 1753 1333 dentatis
1783 1267 1864 1332 et
1913 1247 2247 1357 integris.
2285 1243 2488 1329 Tab.
2528 1245 2943 1338 XXXIV.

944 1373 1247 1485 Cotyza
1309 1373 1653 1465 Cichorii
1682 1389 1758 1461 et
1799 1375 2132 1491 Perszcae
2174 1368 2383 1490 foliis
2417 1364 2908 1490 pmpurqlben
2927 1415 2963 1492 2·
3028 1410 3073 1465 .·
3176 1448 3180 1452 Α

669 1544 698 1588 f.
937 1514 1015 1589 te
1049 1504 1255 1615 flore
1314 1518 1619 1602 GMEL.
1673 1516 1919 1599 AMM.
1974 1498 2208 1589 Ruth.
2288 1511 2495 1604 189.
2786 1572 2789 1577 .

299 1634 306 1637 ’
425 1622 858 1723 Altitudine
935 1631 1357 1718 admodum
1451 1632 1689 1717 variat
1729 1692 1756 1738 ,
1818 1647 1899 1715 at
1962 1628 2489 1716 dodrantalem
2580 1629 2947 1721 rarissime

307 1765 759 1877 affiquitur,
824 1758 1043 1871 saepe
1106 1760 1250 1844 vix
1312 1758 1742 1871 palmarem
1783 1822 1808 1866 ‚
1865 1756 2222 1870 angulolb
2295 1755 2513 1841 caule
2547 1824 2572 1867 ,
2669 1761 2947 1873 pallide

303 1895 591 2002 viridi,
650 1889 1129 2003 splendente,
1189 1888 1485 1997 craffo,
1547 1887 1756 1973 breui
1817 1910 1864 1972 a
1921 1888 2173 1972 radice
2237 1885 2623 1972 interuallo
2684 1912 2953 1972 ramo·

191 2096 197 2105 .
293 2020 398 2103 so,
536 2021 796 2109 Radix
849 2035 1110 2103 autem
1175 2016 1295 2100 vti
1357 2019 1702 2128 priorum
1738 2080 1763 2124 ‚
1833 2017 2071 2100 tenuis
2132 2013 2244 2098 est
2304 2030 2386 2097 et
2451 2012 2638 2101 fusca
2671 2079 2698 2122 ,
2755 2040 2947 2128 pau·

287 2147 394 2232 eis
453 2145 661 2234 fibris
719 2144 938 2234 austa
998 2162 1080 2230 et
1141 2143 1372 2258 longe
1430 2146 1512 2230 in
1573 2162 1855 2229 terram
1892 2141 2291 2230 destendit.
2424 2144 2661 2230 Rami
2692 2142 2945 2233 craffi-
3094 2202 3099 2207 =

289 2273 587 2385 usculi,
648 2296 772 2366 aut
839 2273 1313 2387 supremum
1340 2272 1569 2360 caulis
1624 2271 2069 2384 attingunt,
2129 2288 2261 2357 aut
2317 2295 2589 2383 parum
2652 2270 2752 2356 ab
2800 2273 2945 2361 illo

286 2401 721 2512 deficiunt,
784 2428 927 2486 nec
989 2404 1256 2512 procul
1319 2428 1366 2487 a
1430 2398 1718 2510 &stigio
1780 2399 1862 2485 in
1923 2399 2261 2488 ramulos
2321 2397 2828 2488 semiunciales
2859 2418 2947 2491 et

280 2529 645 2611 minores
703 2530 1131 2612 diuiduntur
1189 2544 1275 2608 et
1331 2527 1909 2610 subdiuiduutur.
2316 2542 2362 2611 9

407 2653 636 2738 Folia
699 2655 779 2737 iu
843 2650 1056 2735 caule
1113 2648 1572 2756 numer-ola,
1630 2647 1925 2759 sm'gulis
1987 2634 2267 2738 scilieet
2325 2650 2562 2739 ramis
2655 2651 2938 2779 singula

279 2778 661 2887 finbiedta,
718 2778 1215 2890 longitudinis
1275 2773 1665 2862 biuncialis
1717 2794 1824 2858 et
1865 2777 2178 2862 vncialis
2211 2778 2661 2887 ,latitudine
2694 2785 2939 2876 etiam

283 2910 494 2995 varia
530 2974 558 3019 ‚
623 2909 733 2992 ita
792 2925 1058 2991 tamen
1092 2969 1122 3014 ,
1179 2919 1270 2987 vt
1331 2899 1604 2988 omnia
1663 2900 2042 2988 latiuscula
2109 2905 2257 2993 diei
2362 2908 2672 3018 poffint.
2802 2911 2940 3000 In-

286 3027 561 3122 firiora
621 3034 996 3147 quaedam-
1053 3028 1431 3143 profimde
1466 3091 1493 3137 ,
1528 3028 1900 3141 quaedam
1936 3030 2206 3141 paffim
2226 3099 2253 3143 ,
2315 3037 2691 3147 quaedam
2721 3056 2942 3129 vtro-
3080 3120 3088 3130 ,

286 3188 427 3276 que
478 3165 733 3251 modo
765 3229 792 3273 ,
851 3177 1227 3274 perpetuo
1283 3177 1548 3244 tamen
1583 3220 1610 3265 ,
1669 3157 1844 3242 raris
1882 3159 2252 3246 dentibus
2314 3165 2645 3273 praedita
2718 3164 2930 3280 sunt,

282 3290 757 3405 superiorum
821 3288 1198 3403 quaedam
1255 3288 1551 3398 integra
1582 3350 1609 3393 ,
1663 3287 2034 3397 quaedam
2096 3289 2397 3376 dentata
2429 3355 2456 3399 ,
2533 3315 2933 3382 ramorum

195 3483 203 3490 .
283 3420 742 3531 plemmque
834 3421 1116 3532 integra
1153 3478 1180 3524 ,
1242 3416 1514 3502 omnia
1573 3413 1859 3526 pallide
1942 3417 2215 3504 viridia
2252 3476 2281 3526 ‚
2381 3437 2463 3504 et
2522 3421 2942 3513 albentibus

246 3548 589 3658 punffis
646 3547 887 3633 veluti
984 3543 1406 3656 pustulata,
1510 3542 1805 3630 eximie
1877 3545 2256 3660 nitentia,
2353 3547 2637 3662 crana,
2717 3549 2934 3665 falfi,

282 3670 489 3763 haud
556 3693 823 3761 tamen
853 3672 1230 3758 iniucundi
1262 3732 1290 3778 ,
1350 3670 1655 3784 saporiS.
3029 3754 3032 3758 ,

422 3799 782 3916 capitula
845 3802 1179 3912 oblonga
1214 3866 1244 3909 ‚,
1305 3800 1629 3913 squamis
1691 3796 2131 3889 lanceolatis'
2149 3869 2175 3916 ,
2237 3806 2598 3892 viridibus
2627 3871 2654 3916 ,
2713 3823 2794 3891 et
2839 3809 2926 3894 in

277 3929 439 4016 oris
498 3953 547 4015 e
606 3931 953 4019 violaceo
1026 3927 1457 4015 rubentibus
1490 3995 1516 4038 ‚
1613 3924 2210 4043 componuntur.
2341 3933 2700 4051 Qlinque
2789 3949 2925 4023 aut

279 4054 409 4142 fix
469 4057 758 4146 flosculi
797 4124 825 4170 ,
886 4087 933 4146 e
987 4082 1314 4171 purpura
1376 4058 1722 4147 rubentes
1754 4124 1781 4168 ,
1837 4059 2236 4147 antherum
2300 4061 2679 4147 includunt
2748 4062 2924 4148 vio·

281 4182 642 4294 iaceam-5
703 4214 934 4298 quam
1013 4188 1373 4300 pistillum
1411 4253 1437 4296 ‚
1534 4205 1895 4272 extremo
1956 4189 2215 4275 album
2238 4257 2263 4299 ‚
2357 4190 2738 4278 altitudine
2812 4188 2933 4275 su-

283 4330 532 4423 perat.
658 4308 968 4402 Semina
1031 4304 1367 4425 oblonga
1402 4378 1432 4421 ‚
1496 4312 1763 4410 leuiter
1815 4315 2066 4422 ‚striata
2098 4382 2124 4425 ,
2211 4318 2491 4430 plumis
2585 4317 2924 4403 candidis

280 4459 638 4531 coronata
670 4508 700 4558 ‚
796 4446 885 4535 in
945 4441 1419 4564 receptaculo
1511 4442 1690 4565 pilis
1750 4467 1851 4534 an
1930 4445 2165 4560 paleis
2258 4444 2469 4532 hirto
2503 4508 2532 4557 ,
2626 4443 2927 4562 delites-0

276 4583 484 4658 cumt-
2710 4647 2713 4652 ,
