4378 5721
1440 629 1622 699 220
2379 558 3201 721 AGGREGATAE.

1433 837 1553 949 gis
1615 835 2238 922 membranaceae
2296 830 2525 945 sunt,
2587 854 2671 919 et
2728 834 2912 920 hinc
2977 831 3436 949 albidioreS,
3497 822 3793 949 caliculi
3842 824 4085 943 etiam

1435 965 1781 1076 spadiceo
1839 967 2091 1049 minus
2153 963 2415 1069 striati.
2546 963 2800 1048 Flores
2862 944 3142 1073 pallide
3210 942 3784 1068 caerulescunt
3816 982 4098 1077 μιαν

1432 1094 1524 1176 lis
1579 1091 1916 1199 obtufis,
1978 1090 2521 1235 emarginatis,
2581 1091 2959 1207 aliquanto
2988 1088 3514 1198 diffimilibus,
3550 1088 3740 1172 inti-a
3776 1109 4091 1199 proptoe

1437 1242 1726 1328 vngues
1783 1158 2068 1328 lorigos
2119 1222 2209 1301 in
2269 1220 2543 1304 tubum
2606 1219 2806 1330 quafi
2869 1206 3397 1327 coaretanmr,
3463 1154 3942 1328 {iugulorum
3974 1243 4093 1302 au-

1432 1363 1594 1432 tem
1657 1346 2084 1459 petalorum
2152 1344 2303 1432 bafi
2368 1345 2647 1457 fingula
2712 1346 3032 1433 stamina
3101 1345 3533 1461 affiguntur.
4056 1404 4077 1427 ,

1419 1484 1423 1489 ’
1562 1474 1753 1561 Vidi
1819 1480 1900 1558 in
1963 1469 2198 1561 horto
2268 1475 2809 1583 AcademicO,
2910 1495 2992 1558 et
3052 1476 3429 1589 p'ercep'i,
3526 1497 3631 1565 ex
3698 1472 4091 1581 seminibus

1439 1596 1744 1717 Oropoli
1803 1607 2192 1715 acceptis,
2258 1605 2594 1715 plantam
2659 1622 2968 1689 enatam
3032 1604 3203 1687 este,

1573 1725 2271 1838 14.STAT1‘:E
2333 1733 2542 1817 caule
2605 1734 2873 1840 nud0,
2935 1730 3299 1838 ramolb,
3377 1692 3690 1818 floribus
3780 1730 4081 1845 punicu-

1424 1880 1432 1890 '
1816 1858 2040 1969 latia,
2107 1859 2412 1946 corollis
2476 1861 2842 1946 minimis.
2916 1860 3117 1945 Tab.
3181 1853 3370 1979 XC.

1631 1986 1638 1991 ’
1907 1988 2345 2079 Limonium
2379 1988 2701 2098 elatius,
2743 1986 3066 2098 floribus
3087 1990 3424 2104 paruis,
3452 1976 3661 2100 deust
3690 1986 4081 2114 enfin,

2060 2121 2362 2220 azureis
2420 2104 2670 2225 ΑΜΜ.
2718 2114 2954 2203 Ruth.
3029 2131 3234 2209 128.
3406 2130 3411 2135 ’

1755 2304 1766 2309 -
1941 2245 2351 2333 Limonium
2437 2246 2885 2331 Tataricum
2961 2246 3287 2358 floribus
3385 2232 3596 2365 dense
3691 2243 4014 2364 ιαςῃθίι
4036 2302 4070 2357 ‚

2067 2369 2423 2462 caeruleis
2484 2388 2730 2467 ΑΜΜ.
2779 2386 2931 2459 cat.
2996 2384 3330 2467 HEINZ.
3379 2371 3597 2459 mk&

1564 2506 1823 2597 Radix
1888 2521 2101 2621 extra
2149 2505 2534 2614 nigricat,
2600 2505 2804 2587 intus
2852 2497 3204 2607 lutescit,
3264 2519 3343 2584 ot
3406 2523 3515 2585 ex
3560 2502 3957 2619 pincipio
3979 2501 4074 2590 fi-

1435 2635 1531 2721 tis
1591 2630 1829 2721 'crasso
1890 2636 1972 2720 in
2034 2649 2345 2718 tenuem
2406 2626 2687 2717 fibram
2750 2622 3181 2745 paullatim
3234 2616 3698 2747 contrahitur
3732 2692 3762 2739 ,
3794 2634 4070 2745 paucis-

1435 2790 1587 2876 que
1648 2763 1855 2850 fibris
1915 2764 2290 2877 stipatur,
2352 2759 2739 2844 interdum
2825 2754 3164 2846 tube'rola
3228 2758 3427 2867 est,
3432 2774 3585 2859 ot
3631 2758 3797 2859 Q
3814 2759 4068 2882 ,ψ-

1434 2893 1575 3006 sa,
1667 2914 1747 2977 et
1817 2895 2023 3002 quod
2085 2891 2181 2973 ad
2267 2888 2826 2996 longitudinem
2927 2887 3260 2994 attinet,
3359 2822 3765 2974 cubitabm
3844 2889 4027 2978 vidi
4042 2931 4081 2996 ς

1433 3042 1625 3130 quae
1682 3019 1963 3129 saporis
2024 3034 2185 3111 etat
2244 3012 2746 3100 vehementer
2831 3014 3405 3127 adstringentis»,
3503 3034 3582 3100 et
3639 3035 3804 3104 tam
3872 3035 4078 3104 exn-2

1430 3170 1661 3257 quam
1733 3148 1926 3230 intus
1981 3145 2209 3236 lutea.

1557 3271 1771 3359 Folia
1832 3297 1938 3357 ex
1994 3288 2222 3358 ouato
2281 3269 2669 3384 oblonga,
2769 3270 3040 3359 limonii
3111 3269 3444 3385 odgari-s
3542 3271 3874 3385 fimilia,
3952 3273 4061 3361 fir·

1434 3397 1685 3490 miora
1748 3421 2070 3509 tamen,
2131 3404 2216 3485 in
2284 3397 2582 3486 ambitu
2642 3402 2836 3511 quasi
2899 3400 3197 3513 crispa,
3277 3404 3361 3486 in
3424 3399 3788 3513 spinulam
3888 3402 4063 3486 iner-

1435 3553 1660 3619 mem
1725 3554 1883 3615 non
1942 3555 2114 3616 raro
2173 3525 2510 3614 definunt
2573 3528 3116 3640 latescentem,
3179 3553 3353 3616 raro
3429 3548 3686 3618 tamen
3752 3555 3861 3615 ex
3913 3526 4062 3643 ipso

1431 3657 1718 3774 apice,
1780 3655 1899 3743 sed
1967 3653 2226 3768 paullo
2287 3653 2476 3741 infra
2538 3659 2845 3767 apicem
2912 3658 3442 3768 prodeuntem.

1560 3785 1825 3874 Flores
1878 3784 2234 3870 intenfius
2294 3803 2424 3870 aut
2483 3786 2824 3897 pallidius
2882 3784 3260 3897 caerulei,
3323 3785 3420 3870 ab
3482 3785 3704 3871 initio
3799 3785 4063 3892 claufi,

1429 3913 1852 4031 postquam
1896 3916 2383 4026 aperiuntur,
2443 3936 2492 3997 e
2546 3910 2895 3999 caeruleo
2952 3853 3671 4030 purpurascentes.
3733 3908 4087 4025 Singulo-

1428 4071 1604 4141 rum
1667 4042 2092 4154 petalorum
2155 4039 2305 4124 basi
2341 4041 2622 4125 stamen
2687 4041 3155 4148 adnascitur,
3216 4041 3435 4170 apice
3528 4065 3779 4152 paruo
3842 4040 4060 4154 spadi-

1426 4198 1576 4259 ceo
1639 4167 2109 4257 instructum.
2240 4161 2528 4260 Semen
2592 4165 3080 4280 oblongum,
3142 4191 3360 4256 extra
3421 4167 3837 4277 hirsutum,
3892 4172 4066 4256 duo·

1425 4299 1559 4389 bus
1616 4296 1901 4385 foliolis
1949 4295 2211 4399 caula,
2283 4295 2949 4404 membranaceis»,
3009 4298 3104 4383 ad
3169 4321 3335 4384 oras
3389 4296 3636 4406 albis,
3715 4322 4067 4408 praeeun-

1426 4445 1508 4518 te
1574 4428 1793 4518 rubra
1861 4420 2186 4508 tinetura
2222 4488 2246 4528 ,
2314 4417 2652 4507 cinerum
2692 4488 2717 4531 ,
2780 4444 2861 4507 et
2922 4419 3259 4518 caliculo
3300 4443 3761 4536 coronatum
3815 4446 4069 4537 penta-

1423 4579 1645 4672 gono
1680 4620 1708 4668 ,
1774 4577 2013 4670 pamo
2048 4616 2071 4661 ‚
2135 4541 2593 4692 subtiliss‘une
2658 4549 3050 4684 fimbriato
3078 4619 3105 4664 ,
3202 4545 3481 4669 pallide
3542 4555 4097 4674 purpurascenf.

3937 4699 4008 4766 te
4033 4742 4055 4785 ι
